2950 4900
640 374 859 440 ..45-

106 663 107 674 χ
213 583 315 650 dimus
341 584 543 650 Plutarchum
571 585 610 650 de
637 557 736 652 morte
764 587 905 653 Marcelli
933 546 1079 670 agentem
1108 585 1282 651 Cornelium

106 697 107 754 ἶ
212 691 376 777 Nepotem,
398 691 556 757 Valerium
577 693 759 772 Maximum,
773 694 908 772 Liuium,
923 692 1086 759 Caesarem
1108 691 1283 775 Angustum

106 813 110 864 ἰ
214 803 356 863 auctores
377 798 531 876 laudasse,
553 820 718 884 perperam
738 806 844 866 antem
858 796 941 866 Liuii
962 805 994 864 et
1015 799 1133 864 Valerii
1153 798 1282 862 Maximi

106 883 109 964 ξ
212 905 392 970 testimonia
413 904 593 971 reddidisse.
646 907 732 972 cuius
755 908 868 972 erroris
900 927 980 991 qnae
1013 906 1107 970 fuerit
1133 927 1229 970 causa
1249 911 1282 969 et

106 1023 109 1042 ¹
212 1030 287 1074 num
321 1031 429 1075 omnes
462 1033 540 1094 quos
571 1011 715 1078 laudauit
749 1018 894 1078 auctores
922 1012 1075 1077 euolueiit
1096 1011 1281 1077 Plutarchus

106 1115 109 1181 ἔ
212 1117 385 1180 accuratius
409 1118 619 1201 quaerendum
642 1124 698 1184 est.
728 1140 766 1184 ac
789 1118 828 1184 de
850 1119 974 1187 Valerio
995 1119 1133 1184 Maximo
1156 1117 1282 1202 quidem

106 1251 108 1272 ι
211 1222 276 1286 iam
308 1222 478 1306 Kempfius,
509 1225 606 1308 praei.
641 1225 714 1290 edit.
749 1225 818 1291 Val.
847 1225 930 1290 Max.
959 1235 1029 1308 pa'g.
1052 1225 1097 1290 44
1117 1226 1282 1290 annotauit

177 1391 180 1398 .
212 1328 414 1394 Plutarchum
436 1335 491 1394 aut
514 1330 667 1396 Graecum
689 1331 827 1415 aliquem
849 1331 1040 1415 scriptorem,
1064 1332 1118 1415 qui
1140 1331 1280 1395 testimo-

211 1435 298 1500 nium
330 1435 447 1500 Valerii
479 1436 517 1501 de
550 1436 673 1521 sepulto
702 1435 852 1502 Marcello
882 1436 1082 1514 exhibuisset,
1110 1458 1175 1501 non
1197 1442 1279 1501 recte

211 1543 400 1608 intellexisse
422 1549 478 1608 aut
498 1543 681 1609 relationem
703 1544 742 1608 de
758 1543 927 1609 Valeriana
947 1543 1126 1609 narratione
1148 1543 1279 1607 fortasse

211 1669 322 1731 parum
349 1654 527 1714 accuratam
554 1649 594 1715 ab
624 1650 724 1714 amico
752 1641 989 1732 studicrumque
1017 1648 1165 1714 adiutore·
1191 1667 1280 1712 acoe-

210 1759 299 1839 ptam
313 1777 376 1822 non
393 1755 558 1838 diligenter
573 1776 702 1821 excussa
719 1756 853 1819 ueritate
875 1750 1055 1820 reddidisse.
1085 1755 1185 1818 altera
1206 1775 1280 1819 con·

210 1860 330 1926 iectura
361 1862 429 1926 iure
461 1861 577 1925 reiecta
607 1859 744 1954 priorem
773 1865 956 1946 persecutus
988 1859 1027 1926 U.
1061 1859 1216 1924 Kbhlerus
1246 1860 1281 1924 in

177 2037 186 2063 x
211 1967 471 2034 commentatione
492 1987 516 2032 s.
539 1966 559 2031 l.
581 1989 651 2052 pag.
675 1963 717 2032 32
741 1966 916 2052 suspicatus
938 1972 1002 2032 est:
1032 1964 1164 2044 „Inb'am
1187 1965 1280 2054 εἰιῇ

210 2061 418 2160 ἄρχιιολογιᾳ
439 2075 581 2163 ρωμαικῇ
602 2075 788 2158 scriptorum
810 2073 994 2167 Latinorum
1016 2071 1054 2136 de
1075 2076 1176 2138 morte
1194 2071 1279 2136 Mar-

210 2177 280 2244 celli
301 2181 480 2262 testimopia
502 2181 670 2264 collegisse,
685 2185 717 2246 et
738 2180 941 2246 Plutarchum
956 2202 1027 2245 eum
1050 2185 1192 2245 secutum
1212 2200 1280 2246 esse

209 2307 311 2372 neque
333 2285 409 2351 uero
426 2275 567 2352 dinersOs
591 2291 663 2352 anot
665 2309 750 2365 ores
749 2276 895 2352 accurate
910 2287 1096 2352 distinxisse.
1098 2296 1117 2324 ‘⁴
1140 2285 1196 2352 sed
1215 2306 1279 2350 non

209 2399 293 2459 recte
321 2395 494 2490 suspicatus
523 2400 571 2461 est
597 2391 751 2461 Kohlerus
781 2397 876 2479 atquc
903 2393 1113 2460 miramurll.
1134 2393 1281 2460 Peterum

210 2522 280 2584 pag
308 2500 351 2567 76
381 2502 447 2566 eius
476 2502 657 2597 opinionem
673 2495 864 2595 probauisse.
909 2522 984 2567 nam
1004 2522 1045 2565 ne
1066 2501 1191 2566 nouisse
1212 2496 1282 2585 qui-

210 2606 359 2671 demt
302 2628 343 2691 po
345 2607 407 2671 tuit
428 2606 508 2673 Iuba
530 2592 647 2673 Valerii
661 2608 790 2673 Maximi
811 2597 965 2673 iactornm
986 2612 1020 2671 ιι
1040 2607 1196 2673 dictorum
1214 2628 1284 2673 me-

209 2701 406 2779 morabilium
435 2712 539 2778 hbros.
588 2714 702 2820 Iubam
730 2713 827 2793 enim,
857 2715 979 2779 etiamsi
1005 2736 1067 2798 quo
1095 2735 1178 2779 anno
1201 2713 1284 2779 diem

210 2841 390 2905 supremum
418 2819 530 2885 obierit
516 2810 615 2933 tpro
644 2824 730 2885 certo
747 2814 938 2920 confimari
955 2842 1019 2886 non
1037 2823 1154 2905 potest,
1177 2826 1284 2887 tamen

209 2947 291 2991 anno
313 2926 358 2993 24
370 2948 401 3009 p
419 2924 489 3005 Chr.
504 2948 535 2989 n.
548 2948 611 2997 non
625 2918 690 2991 iain
713 2926 747 2990 in
769 2908 850 2990 niuis
868 2920 965 2991 fuisse
983 2949 1056 2993 oons
1057 2933 1122 3004 ιιι;
1145 2927 1183 2991 ci.
1199 2925 1282 2992 Miil-

209 3031 264 3096 ler.
287 3032 398 3114 fragm.
422 3030 495 3135 hist.
473 3012 628 3101 tGraec.
651 3028 708 3109 ΠΙ,
727 3030 806 3127 466.
851 3025 1010 3097 Valerium
1030 3011 1203 3097 Maximum
1224 3054 1282 3099 an-

209 3138 307 3223 tem
296 3160 328 3201 ιιι
329 3143 380 3201 ιιι
403 3125 501 3202 annos
524 3120 582 3203 28
590 3144 624 3201 ιι
628 3116 738 3221 32'p':
734 3116 841 3203 Chr
844 3159 978 3226 nepus
999 3158 1091 3202 snum
1113 3131 1283 3230 coniecisse

208 3210 437 3308 demonstrauit
423 3224 580 3329 tliempi.
606 3238 704 3327 praei.
726 3262 798 3327 pag.
809 3243 851 3307 7.
869 3247 981 3327 patet
967 3228 1118 3307 tValerii
1138 3224 1282 3311 testimo-

209 3350 295 3441 nium
322 3350 355 3413 in
381 3346 478 3413 Iubae
503 3348 638 3418 historia
666 3354 774 3445 extare
798 3370 861 3414 non
883 3347 1032 3432 potuisse.
1077 3369 1178 3433 neque
1201 3367 1279 3469 opus

209 3435 258 3520 est
285 3455 335 3521 ιιι
357 3454 452 3519 alium
481 3440 641 3549 Graecum
663 3436 846 3541 scriptorem
856 3443 1049 3539 confugere,
1074 3456 1148 3543 quia
1170 3477 1210 3521 ex
1230 3456 1280 3522 in·

209 3562 296 3654 curia
312 3556 356 3655 ιι
382 3560 458 3625 leuit
444 3565 519 3659 tate,
549 3582 630 3653 qua
615 3548 714 3626 Plut
715 3542 825 3627 archus
856 3560 1045 3656 secundariis
1069 3560 1267 3649 fontibusui
1230 3583 1280 3627 ιιι-

209 3644 302 3731 detur
319 3650 394 3731 usus
417 3688 494 3746 esse,
512 3665 615 3733 multo
627 3634 839 3754 probabilius
849 3644 956 3750 colligi
973 3672 1079 3752 potest
1100 3690 1163 3751 quo
1184 3644 1280 3735 inodo

209 3795 295 3840 error
316 3774 369 3838 ille
393 3779 479 3867 ortus
502 3775 551 3839 ιιι
583 3796 657 3839 nam
678 3780 715 3839 ut
736 3795 832 3859 supra
852 3774 1055 3858 probauimus
1077 3774 1280 3841 Plutarchum

208 3879 241 3943 in
270 3856 516 3944 scribendist
468 3878 516 3944 uit
516 3881 543 3945 is
570 3880 696 3945 Liuium
724 3901 787 3946 non
818 3885 891 3944 ante
919 3879 1025 3945 oculos
1046 3878 1202 3958 habuisse,
1224 3880 1280 3945 sed

208 3986 379 4050 sententias
408 3985 475 4050 eius
506 4006 547 4051 ex
576 3986 726 4051 memoria
752 3987 907 4063 attulisse,
929 3986 1006 4050 item
1026 3991 1174 4069 putamus
1196 4007 1278 4063 eum,

209 4091 334 4156 Valerio
357 4091 494 4155 Maximo
522 4095 555 4154 et
575 4090 707 4155 fortasse
729 4091 800 4155 aliis
822 4091 1000 4156 auctoubus
1022 4112 1092 4165 non¹
1108 4090 1209 4157 denuo
1230 4093 1278 4157 in·

210 4196 334 4279 spectiS,
354 4196 455 4279 probe
477 4194 603 4278 quidem
620 4194 807 4261 ‘meminisse
835 4195 1000 4261 dissentire
1027 4201 1171 4261 auctores
1198 4198 1279 4263 inter

210 4322 243 4364 se
266 4300 305 4368 dc
329 4301 448 4367 ossibus
471 4301 511 4367 ab
532 4300 708 4366 Hannibale
722 4302 855 4369 Romam
875 4303 987 4381 missis,
1009 4303 1201 4386 singularum
1222 4326 1279 4371 au-

214 4410 274 4469 ¹·em
300 4408 513 4472 narrationum
541 4411 683 4471 auctores
709 4407 895 4474 confudisse
945 4408 1055 4492 legisse
1077 4414 1182 4482 autem
1204 4410 1280 4479 Plu-
