2950 4900
639 373 859 438 ..23-

207 580 285 646 latis
313 581 409 665 signis
436 585 610 666 pugnatum
639 603 707 649 esso
729 589 889 668 negantes,
911 588 1019 649 tamm
1039 584 1243 652 Plutarchum
1264 607 1286 651 a

208 687 303 753 Liuio
329 687 464 772 pendere
492 687 547 754 uix
575 689 704 772 cogitari
726 695 841 773 potest,
864 690 940 774 quia
960 689 1070 756 liuius
1091 692 1188 758 nimio
1210 691 1284 757 bre-

208 794 320 860 uitatis
349 793 453 860 studio
479 794 650 860 Minucium
671 796 793 879 impetu
813 797 847 861 in
868 802 973 862 castra
993 796 1179 863 Hannibalis
1199 798 1284 864 facto
1355 861 1358 864 ,

208 899 318 966 hostes
332 898 574 984 perturbauisse‚
596 900 800 966 redeuntibus
819 907 927 968 autem
939 903 1177 987 populatoribus
1192 910 1284 970 caute

210 1025 281 1070 sese
302 1007 455 1090 recepisse
477 1027 632 1092 exponere
654 1009 770 1073 omisit.
814 1009 941 1075 leuioris
962 1009 1108 1093 ponderis
1123 1016 1197 1077 sunt
1218 1012 1283 1078 dis·

209 1113 356 1190 crimina,
385 1112 470 1197 quod
497 1113 642 1188 tribunus
668 1115 770 1198 plebis
798 1115 853 1200 qui
879 1114 992 1198 uulgus
1019 1121 1130 1181 contm
1150 1116 1284 1182 Fabium

209 1217 383 1284 Maximum
405 1218 597 1284 accendebat
618 1241 682 1285 non
702 1220 848 1286 Metellus
870 1219 926 1285 sed
947 1220 1085 1287 Metilius
1107 1223 1290 1308 appellata·

210 1345 230 1390 a
252 1325 431 1404 Plutarcho,
453 1325 557 1392 altera
572 1327 637 1394 eius
651 1327 753 1392 oratio
776 1326 836 1414 (Pl.
859 1322 899 1405 X,
922 1327 980 1413 10)
1002 1350 1066 1394 non
1087 1332 1176 1393 extat
1197 1328 1283 1413 apud

208 1431 344 1510 Liuium,
366 1437 477 1512 contre
498 1453 518 1497 a
539 1431 707 1498 Plutarcho
733 1433 822 1499 nulla
843 1433 993 1499 Varronis
1007 1436 1125 1500 mentio
1139 1434 1177 1500 fit
1198 1435 1281 1522 (Irin,

208 1537 314 1615 XXII,
326 1536 369 1603 25
381 1543 411 1620 ξ.
422 1537 490 1623 18),
517 1538 603 1622 quod
617 1539 767 1604 maiorem
779 1539 966 1606 Plutarchus
981 1559 1077 1624 quam
1087 1540 1195 1606 liuius
1207 1561 1282 1625 ope-

207 1663 280 1709 ram
306 1648 405 1708 nauat
435 1642 650 1727 depingendae
676 1644 827 1726 grauitati
847 1665 886 1710 ac
907 1647 1112 1724 constantiae,
1134 1667 1199 1730 qua
1219 1647 1282 1712 Fa-

207 1749 281 1816 bius
307 1749 453 1816 iniuriam
479 1750 589 1834 populi
617 1756 713 1835 atque
735 1752 1010 1836 intemperantiam
1030 1752 1172 1837 magistri
1193 1752 1281 1836 equi-

208 1861 279 1922 tum
307 1856 415 1922 tulerit
442 1857 475 1920 in
502 1877 621 1941 suoque
643 1857 772 1923 consilio
794 1858 977 1942 perstiterit,
997 1857 1084 1943 quod
1104 1858 1213 1922 Liuius
1235 1858 1281 1923 le-

207 1962 353 2046 gionibus
375 1961 483 2027 dimsis
505 1962 605 2028 Fabio
628 1963 797 2028 secundam
811 1967 845 2028 et
865 1964 992 2029 tertiam
1014 1947 1155 2030 euenisse
1175 1965 1281 2041 refert,

206 2068 396 2134 Plutarchus
412 2067 444 2154 ²⁸)
472 2069 606 2152 primam
634 2073 666 2133 et
694 2074 841 2153 quartam
869 2069 899 2135 ei
926 2070 1106 2154 assignarit.
1160 2071 1283 2156 insigne

206 2174 297 2252 illud,
326 2175 411 2258 quod
432 2174 547 2240 Fabius
570 2195 642 2240 eum
662 2175 835 2242 Minucium
855 2177 889 2240 in
910 2176 1040 2242 insidias
1061 2178 1283 2262 praecipitasse

207 2279 333 2346 uideret
359 2280 492 2349 edidisse
519 2280 632 2348 dicitur
661 2282 721 2369 (Pl.
749 2282 826 2361 XII,
862 2284 988 2361 9-113
1022 2284 1091 2351 Liu.
1114 2286 1157 2349 29
1181 2290 1211 2368 ὅ.
1235 2285 1280 2371 1),

207 2391 339 2472 propter
365 2386 553 2455 breuitatem
581 2387 748 2455 obscurum
774 2393 823 2455 est
845 2387 930 2473 apud
947 2389 1084 2468 Liuium,
1106 2391 1282 2457 accuratius

207 2498 242 2557 et
270 2488 389 2559 clarius
416 2492 599 2577 exprimitur
626 2494 847 2559 aPlutarcho.
891 2495 955 2559 iarn
976 2515 1053 2561 uero
1074 2497 1213 2562 animum
1232 2496 1281 2561 in-

207 2598 374 2664 tendamus
407 2597 449 2663 ad
482 2599 639 2664 orationes
669 2599 808 2677 Minucii,
841 2621 921 2683 quas
949 2600 1098 2667 exhibent
1118 2602 1228 2668 Liuius
1250 2607 1283 2669 et

207 2704 396 2771 Plutarchus
430 2703 490 2791 (Pl.
513 2704 605 2781 XHI3
635 2704 703 2770 Liu.
727 2706 771 2770 29
787 2710 816 2788 ὅ.
834 2706 871 2782 8;
899 2707 943 2771 30
958 2712 987 2789 §-
1003 2706 1048 2792 5).
1092 2713 1189 2792 atque
1211 2729 1282 2774 ora·

206 2811 310 2875 tiones
333 2809 459 2893 quidem
473 2831 536 2875 non
550 2811 597 2875 ita
615 2811 706 2875 anxie
728 2811 856 2877 Liuium
877 2811 920 2877 ad
940 2812 1043 2877 fontes
1065 2834 1138 2879 suos
1160 2834 1281 2879 accom-

206 2915 400 2993 modauisse,
430 2915 495 2981 ⁸sed
535 2936 629 3000 saepe
669 2916 866 3001 eloquentiae
901 2918 1113 3001 indulgentem
1146 2917 1281 2996 finmsse,

206 3024 332 3109 saepius
361 3024 469 3089 tenuia
491 3030 676 3108 argumenta
697 3014 714 3090 e
736 3025 876 3092 fontibus
890 3027 994 3110 petita
1014 3030 1175 3091 oratorum
1195 3044 1283 3088 more

205 3129 413 3214 amplificasse
436 3134 469 3194 et
490 3150 617 3195 ornasse
639 3130 715 3195 satis
739 3132 936 3216 exploratum
958 3137 1015 3197 est.
1044 3132 1091 3196 ita
1104 3135 1282 3201 nosharum

206 3235 384 3301 orationum
398 3240 484 3301 totus
500 3240 628 3301 ornatus
650 3235 733 3301 Liuii
750 3238 874 3320 ingenio
897 3236 1080 3302 tribuendus
1103 3241 1152 3301 est
1174 3240 1207 3299 et
1219 3237 1292 3301 au·v

170 3424 174 3429 .
205 3362 276 3407 sam
299 3341 458 3426 quandam
487 3340 606 3406 datad
634 3341 878 3421 diiudicandum,
901 3363 982 3426 quae
1004 3343 1086 3408 ratio
1108 3340 1283 3406 intercedat

204 3450 289 3515 inter
309 3448 434 3513 Liuium
463 3453 497 3512 et
523 3448 734 3523 Plutarchum.
779 3470 818 3515 ac
838 3448 1045 3515 fundamenta
1065 3447 1191 3543 quidem
1209 3466 1281 3511 ora-

204 3556 328 3621 tionum
351 3552 528 3619 communia
549 3574 618 3619 esse
632 3553 801 3621 Plutarcho
823 3576 894 3621 cum
908 3554 1000 3621 Liuio
1021 3558 1169 3639 apparet3
1190 3550 1281 3617 habi-

204 3668 258 3726 tus
291 3680 382 3752 uero¹
399 3664 485 3725 totus
507 3681 634 3743 prorsus
655 3683 719 3727 non
754 3662 889 3728 concinit
916 3682 988 3726 cum
1010 3681 1058 3737 eo,
1080 3659 1135 3725 sed
1156 3657 1282 3723 uidetur

312 3976 336 4043 ⁴)
357 3976 493 4031 Occasione
512 3976 571 4030 data
588 3980 686 4031 notetur
705 3978 873 4045 discrepantis
885 3978 1008 4045 quaedam
1025 3978 1129 4046 Polybii
1142 3980 1213 4046 (103,
1226 3979 1281 4045 20),

204 4082 257 4133 qua
274 4066 437 4119 Plutarchum
459 4084 509 4119 nou
526 4082 598 4119 usum
617 4082 671 4120 esse
690 4084 719 4119 eo
743 4069 907 4121 confirmatur.
943 4068 1005 4119 dicit
1022 4070 1088 4119 enim
1105 4067 1210 4119 Fabium
1227 4068 1281 4118 Mi-

204 4157 280 4207 nucio
304 4158 427 4223 optionem
450 4155 556 4217 dedisse,
581 4156 788 4223 quemadmodum
811 4160 918 4223 aequato
939 4158 1042 4223 imperio
1060 4158 1097 4206 uh'
1114 4154 1207 4215 mallet,
1225 4169 1281 4205 cum

203 4246 293 4296 Limus
317 4249 341 4296 et
362 4244 514 4297 Plutarchus
536 4246 644 4311 produnt
672 4246 737 4312 (Liu.
762 4245 796 4296 27
816 4245 841 4311 ς.
861 4246 960 4299 5-11:
983 4244 1023 4298 Pl
1046 4244 1080 4303 X,
1108 4243 1224 4304 14-20;
1247 4241 1280 4294 ct

203 4334 261 4385 Dio.
277 4330 345 4384 Gaas.
362 4330 394 4385 lr.
413 4334 480 4385 Peir.
499 4334 546 4396 483
565 4334 624 4386 Zon,
643 4333 706 4386 VIII
723 4348 749 4399 p,
770 4334 829 4394 193,
849 4333 963 4397 16—20)
983 4331 1086 4383 Fabium
1105 4335 1216 4397 tempora
1233 4333 1280 4383 im·

203 4424 270 4487 perii
287 4424 374 4488 partiri
385 4422 513 4485 moluisse,
531 4422 577 4475 sed
594 4427 622 4474 ut
639 4422 751 4487 legiones
768 4422 939 4475 diuiderentur
956 4421 1096 4473 obtinuisse.
