2950 4900
639 371 858 440 ...1τά

211 583 276 651 sint
289 607 353 652 uon
375 586 525 652 uidemus.
547 601 594 636 -Ι
613 593 680 652 tum
702 588 906 654 Plutarchum
927 586 982 666 VI,
1004 590 1042 653 42
1066 586 1144 677 πρὸς
1165 587 1201 656 cd
1224 597 1290 657 Ku-

212 690 340 758 owdcoc
367 691 554 759 scribentem
581 693 696 780 falsum
723 694 829 760 uerbis
853 696 936 760 Liuii
958 695 1060 773 XXII,
1083 697 1136 774 13,
1160 695 1197 761 5:
1232 697 1291 774 „in
1400 756 1401 761 ,

210 817 323 880 mum
337 797 537 866 Casinatem“
558 801 641 866 Liuii
663 801 852 867 adiectiuum
874 822 932 885 pro
949 793 1074 866 nomine
1095 802 1292 868 monacos

211 906 298 988 pisse
320 907 473 988 sagaciter
495 907 621 990 quidem
650 927 671 971 a
691 909 806 972 Peloro
827 908 1038 991 excogitatum
1061 914 1124 986 est,
1153 909 1209 974 sed
1236 929 1292 973 ne-

212 1012 279 1076 scio
301 993 342 1076 an
364 1013 495 1095 cogitari
516 1013 617 1097 possit
638 1013 843 1079 Plutarchum
867 1033 1048 1099 peruersam
1069 1015 1157 1080 illam
1182 1033 1292 1081 uocem

211 1120 278 1182 iam
304 1120 458 1202 recepisse
487 1119 528 1184 ab
558 1141 595 1184 eo
618 1141 711 1203 quem
740 1126 864 1186 secutus
892 1127 949 1186 est.
994 1121 1129 1206 denique
1162 1123 1293 1187 Petamus

212 1223 391 1308 suspicatur
413 1225 446 1290 in
468 1224 671 1291 describendo
694 1227 874 1304 certamino,
898 1226 983 1310 quod
1005 1227 1038 1292 in
1060 1248 1135 1310 agro
1157 1228 1292 1294 Falerno

212 1331 299 1396 inter
331 1331 463 1397 Fabium
495 1331 668 1398 Maximum
704 1337 736 1398 et
762 1330 972 1398 Hannibalem
1006 1334 1204 1419 commissum
1232 1340 1291 1412 est,

213 1436 276 1522 (Pl.
306 1437 367 1516 VI,
396 1439 453 1514 16;
482 1438 551 1504 Liu.
574 1437 676 1515 XXII,
699 1439 752 1516 16,
776 1440 813 1524 2)
835 1459 955 1504 errasse
978 1439 1194 1518 Plutarchum,
1218 1443 1294 1525 quia

212 1543 384 1627 expeditis,
414 1565 493 1628 quos
521 1565 542 1610 a
570 1546 676 1611 Poeno
705 1551 816 1612 contra
837 1547 994 1612 Romanos
1014 1546 1125 1612 missos
1147 1567 1216 1611 esse
1237 1547 1292 1611 Li-

212 1651 285 1714 uius
299 1655 416 1728 narrat,
432 1651 511 1716 falso
533 1651 575 1716 ad
596 1652 729 1736 Fabium
749 1653 922 1718 Maximum
936 1653 1044 1718 relatis
1066 1652 1199 1718 Fabium
1221 1675 1292 1719 oum

213 1755 368 1839 expeditis
396 1757 429 1821 in
455 1758 632 1823 Poenorum
659 1759 845 1824 nouissimos
869 1760 1021 1843 impetum
1047 1760 1158 1825 iecisse
1184 1760 1290 1844 prodi-

212 1860 320 1926 disset.
366 1862 550 1928 oonfitemur
571 1864 718 1929 subtilem
740 1883 808 1929 esse
829 1864 911 1929 hano
933 1866 1158 1943 coniecturam,
1189 1866 1293 1931 sILi-

213 1968 303 2032 uium
335 1975 480 2034 accurate
514 1975 656 2034 secutum
689 1989 757 2035 esse
789 1969 993 2035 Plutarchum
1025 1976 1192 2037 constaret.
1237 1973 1293 2039 sed

214 2077 337 2138 certum
359 2093 428 2139 esse
449 2075 576 2140 minime
599 2075 659 2140 hoo
686 2075 756 2140 loco
777 2075 981 2158 Plutarchum
1001 2078 1138 2160 pendere
1160 2100 1181 2143 a
1201 2078 1293 2144 Liuio

213 2187 313 2263 atque
341 2203 404 2246 non
431 2203 533 2266 pauca
554 2183 669 2266 rectius
692 2182 784 2247 Liuio
807 2182 973 2248 tradidisse
994 2185 1076 2250 infra
1098 2184 1293 2250 demonstra-

214 2287 329 2352 bimus.
351 2272 400 2352 his
415 2289 510 2371 igitur
524 2290 625 2354 causis
640 2289 745 2353 Peteri
760 2289 915 2354 sententia
929 2295 1070 2355 nostram
1084 2312 1146 2357 non
1168 2291 1293 2374 infringi

215 2394 415 2460 arbitramur.
633 2411 638 2416 ·
1317 2466 1321 2479 Ἰ

242 2580 249 2591 1
324 2498 386 2566 Sed
408 2501 486 2566 haec
513 2502 672 2567 hactenus.
720 2507 915 2566 reuertamur
936 2502 978 2566 ad
1000 2503 1215 2585 quaestionem
1236 2524 1293 2568 no-
1399 2552 1403 2555 -

213 2614 325 2672 stram.
354 2628 392 2672 ao
414 2608 562 2691 quoniam
583 2596 769 2673 Plutarchus
791 2608 831 2673 do
853 2628 891 2673 eo
912 2615 1063 2693 tempore,
1087 2628 1150 2691 quo
1172 2630 1294 2674 summo

216 2713 349 2796 imperio
375 2713 564 2797 fungebatur
589 2713 705 2779 Fabius
733 2714 888 2778 Maximus
916 2719 949 2778 et
977 2714 1019 2780 ab
1041 2734 1080 2778 eo
1102 2714 1170 2779 solo
1191 2719 1240 2779 tut
1262 2720 1294 2779 et

216 2826 286 2883 tam
307 2818 454 2902 parribus
470 2816 611 2884 cladibus
625 2819 816 2885 labefactata
831 2820 941 2883 ciuitas
964 2818 1004 2884 ab
1026 2820 1155 2884 interitu
1176 2820 1294 2884 retrahi

216 2944 311 3009 posse
332 2923 507 3002 uidebatur,
530 2926 647 2990 maiore
670 2948 742 2991 cum
764 2927 855 3010 copIa
876 2930 910 2991 et
930 2925 1075 2992 ubertate
1103 2946 1195 3009 agere
1222 2946 1294 2990 coe-

217 3031 277 3115 pit,
304 3030 404 3096 multo
431 3032 545 3096 certius
574 3032 696 3097 ostendi
723 3037 829 3116 potest
850 3052 932 3115 quae
954 3032 1035 3097 ratio
1057 3033 1098 3097 sit
1119 3032 1202 3097 inter
1223 3052 1294 3097 eum

217 3143 253 3203 et
275 3143 394 3203 ceteros
414 3142 572 3214 auctores,
596 3138 650 3221 qui
672 3158 736 3202 non
755 3138 849 3203 modo
868 3138 902 3202 in
923 3138 1103 3202 uniuersum
1116 3138 1177 3202 sed
1199 3139 1294 3203 etiam

217 3246 299 3309 mira
314 3264 537 3326 nonnunquam
559 3245 680 3311 rationo
703 3266 775 3309 cum
796 3264 835 3309 eo
857 3244 1063 3309 consentiunt.
1091 3244 1175 3309 Liuii
1188 3250 1294 3309 autem
1353 3246 1356 3249 ⁴

218 3351 352 3415 historia
373 3355 517 3415 accurate
539 3372 629 3416 usum
650 3372 717 3417 esso
740 3350 942 3417 Plutarchum
965 3352 1060 3417 etiam
1081 3372 1145 3417 non
1167 3373 1294 3436 compa-

218 3458 299 3523 ratis
321 3456 448 3539 singulis
470 3457 546 3522 locis
568 3458 675 3539 negari
690 3457 793 3522 debet.
837 3479 911 3533 nam
932 3458 965 3521 in
985 3458 1075 3523 initio
1098 3464 1131 3522 et
1150 3458 1213 3523 fine
1234 3457 1293 3522 hu-

219 3564 270 3628 ius
303 3562 490 3629 narrationis
521 3584 642 3629 summa
676 3585 747 3628 oum
775 3563 936 3646 diligentia
969 3584 1007 3628 ao
1037 3564 1162 3631 disertis
1191 3566 1293 3630 uerbis

220 3669 350 3753 exponit
385 3668 494 3733 Liuius
529 3668 650 3754 (XXII,
680 3670 757 3733 8et
778 3670 836 3754 31)
859 3669 992 3733 Fabium
1013 3690 1076 3735 non
1098 3669 1293 3747 dictatorem,
1346 3682 1389 3821 Α

220 3779 259 3839 ut
287 3795 392 3841 omnes
419 3796 518 3860 prope
546 3777 704 3841 annalium
726 3778 893 3860 scriptores
914 3775 1126 3854 tradidissent,
1147 3798 1214 3842 rem
1236 3778 1294 3842 ad-

220 3900 331 3946 uorsus
352 3882 561 3948 Hannibalem
583 3884 729 3966 gessisse,
753 3883 817 3961 sed,
840 3904 912 3948 cum
935 3880 1083 3947 Seruilius
1105 3882 1222 3961 consul,
1245 3886 1294 3948 oui

221 3988 277 4051 uni
305 3988 353 4052 ius
375 3987 484 4053 fuisset
505 3988 665 4053 dictatoris
693 3988 831 4067 dicendi,
853 3988 978 4055 abesset
997 4009 1100 4072 neque
1121 3990 1219 4055 literis
1241 4010 1294 4055 ac-

221 4096 278 4161 ciri
306 4100 421 4179 posset,
450 4115 470 4158 a
495 4094 612 4178 populo
640 4100 746 4159 autem
767 4094 950 4160 dictatorem
972 4094 1071 4159 creari
1092 4116 1156 4160 non
1177 4095 1295 4172 liceret,

222 4199 309 4285 quod
336 4220 496 4295 nunquam
523 4205 617 4265 antea
644 4200 763 4267 factum
791 4205 888 4279 esset,
921 4200 1164 4285 prodictatorem
1190 4200 1294 4264 Minu-
1342 4278 1346 4284 ῃ

222 4308 368 4389 oiumque
389 4305 570 4388 magistrum
593 4306 733 4389 equitum
755 4328 775 4370 a
796 4308 912 4391 populo
934 4311 1073 4371 creatum
1094 4326 1169 4370 esse.
1214 4326 1293 4388 quo-

221 4404 292 4477 ium
307 4417 560 4494 argumentorum
578 4412 696 4477 nullum
719 4413 803 4495 apud
825 4412 1027 4477 Plutarchum
1048 4416 1097 4474 est
1118 4412 1291 4493 uestIgium
1401 4410 1403 4475 ἐ

1068 4516 1083 4565 2
1328 4542 1403 4566 -r
