2950 4900
639 332 939 448 ...ςιμν

104 609 108 612 ·
211 589 334 670 Λίβιος
362 584 399 655 δὲ
427 589 479 658 καὶ
506 597 629 678 Καῖσαρ
643 589 679 660 ὁ·
690 590 852 678 Σεβαστὸς
877 595 1075 683 κομισθῆναι
1090 591 1286 683 mbiidolmv

210 690 294 776 πρὸς
322 690 391 761 τὸνῚ
406 693 480 762 vids
508 696 652 787 εἰρήκασι
673 701 732 766 ,καὶ
754 702 893 788 murium
914 701 1077 783 λαμπρῶς
1120 699 1284 768 Cornelius

154 867 156 871 Α
210 797 324 882 Nepos
345 821 384 866 ao
407 800 528 868 cesar
548 802 708 888 Augustus
734 827 811 872 num
835 805 978 872 ita-iem
999 805 1192 876 tradiderim.
1208 829 1283 874 oon-

191 904 301 978 ‘stitui
332 927 395 974 non
428 913 541 991 potest
577 931 785 994 >quamquam
817 910 914 978 hu'ssa
940 931 1012 977 eam
1025 911 1164 990 'lamam
1193 908 1281 980 cuiuis

209 998 380 1081 auctorem
391 1015 532 1083 nominat
546 1014 932 1084 Piumehmeornssum.
947 1017 1110 1100 Nepotem,
1126 1018 1279 1086 discimus

207 1118 533 1198 exiAurelioVictoro,
546 1123 599 1204 qui
614 1121 669 1208 (ds
680 1124 737 1190 uir.
750 1123 794 1190 ill
806 1123 865 1207 45)
883 1144 977 1199 „ossa
991 1124 1133 1200 Marcelli
1146 1125 1279 1214 Romam

95 1259 98 1264 ·
206 1223 252 1292 ab
268 1224 445 1305 Hannibale
460 1228 589 1296 remissa
603 1249 624 1296 a
636 1229 847 1312 praedonibus
862 1230 1035 1313 intercepta
1048 1232 1197 1314 periisse
1212 1253 1277 1298 mo-

206 1335 321 1398 morat.
342 1331 424 1398 falsa
451 1354 536 1400 ueros
555 1341 636 1412 suat
666 1355 748 1418 quse
770 1357 790 1401 a
812 1335 938 1402 valerio
960 1336 1098 1403 Maximo
1126 1342 1166 1401 st
1185 1337 1278 1403 Liuio

205 1442 337 1505 narrata
358 1454 426 1505 esee
450 1439 611 1508 contendit
631 1440 827 1509 Plutarchus.
859 1462 933 1508 nain
962 1447 1095 1529 uterque
1115 1443 1194 1508 nihil
1217 1445 1277 1509 nisi

204 1542 391 1610 Marcellum
413 1545 657 1629 sepultumesse
672 1547 714 1614 ab
734 1546 1078 1624 Hannibalotradidit3
1100 1547 1169 1615 Vel.
1191 1550 1276 1616 Mau

203 1647 246 1724 V,
271 1649 300 1725 1,
323 1654 386 1714 eut.
410 1649 445 1714 6:
487 1651 666 1728 „Hannibal
693 1653 736 1717 M.
764 1652 947 1716 Marcellum
973 1654 1007 1717 in
1037 1674 1113 1736 agro
1140 1655 1274 1734 Bruttia

203 1753 282 1822 dum
303 1762 433 1822 conatus
447 1757 623 1826 Poenorum
642 1758 787 1842 cupidius
802 1780 898 1842 quam
920 1759 1151 1828 consideratius
1165 1778 1275 1845 speon-

202 1861 547 1947 latricinteremptum
573 1864 712 1948 legitimo
740 1865 997 1935 fimerelexisilit·
1012 1866 1195 1951 Puniooquc
1222 1890 1274 1934 sa-

201 1955 278 2050 gulo
293 1973 326 2032 et
340 1989 455 2036 corona
470 1969 622 2038 donatum
635 1971 833 2055 laureas-ogo
847 1973 1030 2059 imposuit“;
1052 1972 1121 2038 Lis.
1142 1973 1274 2053 xxm

201 2073 264 2150 28:
293 2074 359 2151 „ibi
385 2075 548 2142 inuentum
577 2099 687 2162 corpus
710 2079 850 2157 Marcelli
870 2080 1012 2162 sopolim
1056 2101 1158 2163 noque
1179 2081 1273 2147 Vole-

200 2179 269 2246 rius
298 2181 414 2248 ossium
441 2203 462 2248 a
494 2183 864 2252 Numidis'disieetonim
887 2194 992 2278 neque
1020 2185 1129 2253 liuius
1157 2188 1273 2254 ossium

199 2287 336 2354 Romam
363 2288 538 2357 delatorum
565 2291 664 2356 ullam
690 2290 810 2358 faciunt
830 2292 1027 2359 mentionem.
1054 2313 1166 2375 quem
1185 2315 1272 2360 emo·-
1377 2363 1380 2365 Α

198 2413 270 2461 rem
300 2399 456 2479 utcunque
490 2402 593 2463 ortum
620 2417 687 2463 esse
715 2396 937 2475 existimamus,
963 2397 1168 2466 Plutarchum
1193 2402 1271 2467 smi-
1381 2438 1382 2441 =

198 2501 329 2567 beatem
356 2502 411 2567 illa
443 2524 500 2579 neo
513 2542 515 2547 ·
529 2503 687 2571 Valerium
713 2524 772 2572 nee
799 2503 923 2575 Limum
954 2504 1126 2587 inspexisse
1149 2513 1272 2574 certum

198 2614 259 2675 est
304 2608 331 2673 si
353 2629 429 2673 uero
451 2630 490 2675 ne
512 2615 586 2681 ante
609 2610 714 2677 oeulos
736 2610 863 2693 quidem
884 2610 995 2679 habuit
1016 2610 1140 2680 limium
1161 2614 1195 2679 iii
1216 2635 1270 2681 oo-

197 2734 263 2799 que
289 2712 446 2781 laudando
474 2721 540 2781 tam
568 2715 783 2799 neglegentem
805 2737 873 2782 sese
895 2714 1050 2800 praebuit,
1072 2738 1199 2783 necasse
1218 2728 1271 2786 cst

197 2826 238 2887 iit
264 2830 312 2898 ea,
341 2842 421 2904 quae
449 2826 515 2887 tam
543 2827 688 2889 accurate
716 2823 886 2890 concinunt
913 2841 986 2889 cuin
1011 2823 1111 2900 Liuio,
1137 2844 1179 2891 ex
1205 2825 1270 2891 alio
1381 2839 1382 2864 i

147 2985 150 2993 .
196 2933 327 2995 auctore
353 2949 417 3011 quo
446 2927 541 2993 etiam
569 2927 803 3011 diligentissime
824 2950 899 2996 usus
921 2934 991 2996 orat
1010 2930 1269 2999 sisinnius-
1381 2967 1382 2974 κ

192 3024 268 3101 'ium
298 3054 365 3099 esse
398 3032 600 3099 Plutarchum
625 3033 814 3101 iudicemus.
848 3072 893 3085 -
924 3029 1004 3119 qnae
1033 3040 1172 3104 extremo
1198 3037 1268 3106 loeo

194 3138 527 3222 Plutarchuscxponit
548 3138 586 3206 de
609 3141 723 3205 statuis
743 3140 892 3208 Marcello
913 3142 1023 3225 positis
1044 3162 1083 3211 ao
1100 3142 1139 3211 de
1160 3150 1268 3229 poste·
1381 3159 1383 3238 f

194 3248 244 3313 ris
257 3247 322 3312 eius
338 3251 394 3312 aut
403 3244 571 3313 Posidonio
582 3246 636 3329 qui
651 3245 799 3315 laudatur
810 3247 905 3312 debet
926 3253 984 3313 aut
1004 3248 1043 3313 ds
1065 3269 1123 3315 suo
1144 3248 1266 3317 adiecit.
1380 3243 1383 3280 ²

210 3399 223 3417 2
303 3352 600 3424 Demonsoeuimus
621 3352 724 3435 igitur·
743 3353 947 3420 Plutarchum
973 3354 1007 3420 iii
1034 3354 1102 3421 uita
1126 3356 1268 3425 Marcelli

194 3457 361 3525 scribenda
386 3457 469 3523 Liuii
495 3457 659 3524 historiam
684 3480 749 3525 mon
776 3464 855 3526 ante
879 3459 984 3525 oculos
1005 3458 1163 3539 hahuisse,
1184 3462 1267 3531 lecta

194 3570 304 3631 autem
326 3584 364 3631 ca
383 3563 546 3645 quondam
567 3564 793 3631 memorabiles.
806 3564 962 3648 quasdam·
986 3568 1156 3634 sententias
1180 3568 1267 3637 Liuii
1381 3603 1382 3640 2

193 3670 347 3739 memoria
372 3669 545 3735 retinuisse.
574 3670 672 3737 nihilo
693 3671 797 3738 miuus
820 3668 885 3737 fere
906 3676 976 3735 tola
1002 3691 1107 3739 iesum
1126 3675 1266 3743 narratio

192 3774 355 3844 Plutaichi
376 3781 442 3841 tam
464 3776 572 3843 smilis
593 3782 643 3843 est
663 3776 780 3858 Liuio,
794 3782 832 3843 iit
852 3777 963 3876 eodem
993 3777 1079 3847 fonte
1100 3786 1267 3865 utrumqne

192 3900 288 3949 imum
315 3902 383 3955 esse
410 3880 581 3949 existimaui
611 3882 734 3949 debeat.
794 3889 891 3967 atque
923 3884 1020 3952 etiam
1044 3884 1206 3953 Plutarchi
1233 3892 1267 3955 ot

192 3988 317 4073 Polybii
349 3988 545 4055 narrationes
577 3989 624 4055 ita
645 3995 845 4073 comparatae
876 3995 958 4067 sunt,
989 3995 1026 4055 ut
1052 3996 1265 4076 utrumquse
1381 4019 1382 4024 ¹

192 4094 351 4164 communi
378 4095 465 4160 fonte
493 4094 632 4160 hausisse
659 4095 822 4181 probabile
852 4096 901 4161 sit.
951 4096 1059 4179 itaque
1087 4118 1157 4162 cum
1183 4099 1266 4164 inter

191 4208 258 4269 tres
281 4206 423 4267 auctores
445 4202 556 4267 eadem
585 4204 665 4269 ratio
694 4204 727 4269 in
748 4203 808 4268 hac
832 4203 900 4268 uita
920 4203 1094 4269 intercedat
1114 4210 1209 4288 atque
1231 4206 1265 4271 in

190 4310 261 4375 uita
282 4306 374 4373 Fabii
401 4308 531 4374 Maximi
559 4330 660 4393 neque
688 4310 829 4375 diuersos
851 4310 953 4375 fontes
975 4310 1008 4373 iii
1029 4310 1193 4376 namandis
1213 4298 1263 4377 re·

190 4416 250 4483 biis
280 4435 300 4480 a
330 4413 428 4481 Fabio
457 4415 594 4483 Maximo
623 4421 656 4480 et
682 4416 831 4482 Marcello
859 4416 964 4499 gestis,
994 4435 1075 4499 quae
1103 4420 1169 4481 tam
1196 4423 1264 4483 arte
1381 4415 1382 4426 ’
