<?xml version="1.0" encoding="UTF-8"?>
<!DOCTYPE html PUBLIC "-//W3C//DTD XHTML 1.0 Transitional//EN"
    "http://www.w3.org/TR/xhtml1/DTD/xhtml1-transitional.dtd">
<html xmlns="http://www.w3.org/1999/xhtml" xml:lang="en" lang="en">
 <head>
  <title>
</title>
<meta http-equiv="Content-Type" content="text/html;charset=utf-8" />
  <meta name='ocr-system' content='tesseract 3.04.00' />
  <meta name='ocr-capabilities' content='ocr_page ocr_carea ocr_par ocr_line ocrx_word'/>
</head>
<body>
  <div class='ocr_page' id='page_1' title='image "./quibusfontibusp00buchgoog_0045.png"; bbox 0 0 2950 4900; ppageno 0'>
   <div class='ocr_carea' id='block_1_1' title="bbox 636 346 992 439">
    <p class='ocr_par' dir='ltr' id='par_1_1' title="bbox 636 346 992 439">
     <span class='ocr_line' id='line_1_1' title="bbox 636 346 992 439; baseline -0.003 0"><span class='ocrx_word' id='word_1_1' title='bbox 636 373 856 439; x_wconf 81' lang='lat' dir='ltr'><strong>-ar-</strong></span> <span class='ocrx_word' id='word_1_2' title='bbox 990 346 992 351; x_wconf 81' lang='grc'><strong>’</strong></span> 
     </span>
    </p>
   </div>
   <div class='ocr_carea' id='block_1_2' title="bbox 158 583 1386 4499">
    <p class='ocr_par' dir='ltr' id='par_1_2' title="bbox 209 583 1386 1947">
     <span class='ocr_line' id='line_1_2' title="bbox 209 583 1286 669; baseline 0.005 -20"><span class='ocrx_word' id='word_1_3' title='bbox 209 583 368 668; x_wconf 72' lang='lat' dir='ltr'><strong>guandm</strong></span> <span class='ocrx_word' id='word_1_4' title='bbox 390 583 590 651; x_wconf 83' lang='lat' dir='ltr'><strong>Archimedes</strong></span> <span class='ocrx_word' id='word_1_5' title='bbox 613 585 655 652; x_wconf 89' lang='lat' dir='ltr'><strong>ad</strong></span> <span class='ocrx_word' id='word_1_6' title='bbox 676 587 906 655; x_wconf 80' lang='lat' dir='ltr'><strong>defendendam</strong></span> <span class='ocrx_word' id='word_1_7' title='bbox 926 588 1037 655; x_wconf 90' lang='lat' dir='ltr'><strong>urbem</strong></span> <span class='ocrx_word' id='word_1_8' title='bbox 1057 587 1286 669; x_wconf 90' lang='lat' dir='ltr'><strong>instruxerunt,</strong></span> 
     </span>
     <span class='ocr_line' id='line_1_3' title="bbox 210 689 1287 778; baseline 0.006 -24"><span class='ocrx_word' id='word_1_9' title='bbox 210 689 394 774; x_wconf 90' lang='lat' dir='ltr'><strong>plerumque</strong></span> <span class='ocrx_word' id='word_1_10' title='bbox 425 697 492 756; x_wconf 85' lang='lat' dir='ltr'><strong>tam</strong></span> <span class='ocrx_word' id='word_1_11' title='bbox 524 698 573 757; x_wconf 90' lang='lat' dir='ltr'><strong>est</strong></span> <span class='ocrx_word' id='word_1_12' title='bbox 604 693 723 773; x_wconf 90' lang='lat' dir='ltr'><strong>similis,</strong></span> <span class='ocrx_word' id='word_1_13' title='bbox 760 700 797 760; x_wconf 88' lang='lat' dir='ltr'><strong>nt</strong></span> <span class='ocrx_word' id='word_1_14' title='bbox 822 694 953 761; x_wconf 76' lang='lat' dir='ltr'><strong>uerbsse</strong></span> <span class='ocrx_word' id='word_1_15' title='bbox 974 693 1099 760; x_wconf 88' lang='lat' dir='ltr'><strong>Liuium</strong></span> <span class='ocrx_word' id='word_1_16' title='bbox 1119 692 1287 778; x_wconf 87' lang='lat' dir='ltr'><strong>Polybium</strong></span> 
     </span>
     <span class='ocr_line' id='line_1_4' title="bbox 210 796 1285 885; baseline 0.007 -26"><span class='ocrx_word' id='word_1_17' title='bbox 210 799 313 878; x_wconf 91' lang='lat' dir='ltr'><strong>putes.</strong></span> <span class='ocrx_word' id='word_1_18' title='bbox 357 796 449 861; x_wconf 88' lang='lat' dir='ltr'><strong>nimis</strong></span> <span class='ocrx_word' id='word_1_19' title='bbox 477 817 553 864; x_wconf 89' lang='lat' dir='ltr'><strong>uero</strong></span> <span class='ocrx_word' id='word_1_20' title='bbox 580 819 631 864; x_wconf 89' lang='lat' dir='ltr'><strong>res</strong></span> <span class='ocrx_word' id='word_1_21' title='bbox 659 801 868 884; x_wconf 79' lang='lat' dir='ltr'><strong>perstringere</strong></span> <span class='ocrx_word' id='word_1_22' title='bbox 897 799 1025 866; x_wconf 77' lang='lat' dir='ltr'><strong>studens</strong></span> <span class='ocrx_word' id='word_1_23' title='bbox 1048 800 1203 885; x_wconf 87' lang='lat' dir='ltr'><strong>quaedam</strong></span> <span class='ocrx_word' id='word_1_24' title='bbox 1224 799 1285 867; x_wconf 92' lang='lat' dir='ltr'><strong>oh-</strong></span> 
     </span>
     <span class='ocr_line' id='line_1_5' title="bbox 211 896 1283 990; baseline 0.007 -27"><span class='ocrx_word' id='word_1_25' title='bbox 211 900 352 965; x_wconf 76' lang='lat' dir='ltr'><strong>sctuauit</strong></span> <span class='ocrx_word' id='word_1_26' title='bbox 378 907 434 967; x_wconf 88' lang='lat' dir='ltr'><strong>aut</strong></span> <span class='ocrx_word' id='word_1_27' title='bbox 462 902 598 969; x_wconf 85' lang='lat' dir='ltr'><strong>inuertit</strong></span> <span class='ocrx_word' id='word_1_28' title='bbox 612 904 729 982; x_wconf 69' lang='lat' dir='ltr'><strong>mnus,</strong></span> <span class='ocrx_word' id='word_1_29' title='bbox 752 896 887 990; x_wconf 82' lang='lat' dir='ltr'><strong>impetus</strong></span> <span class='ocrx_word' id='word_1_30' title='bbox 909 910 1001 972; x_wconf 87' lang='lat' dir='ltr'><strong>nocte</strong></span> <span class='ocrx_word' id='word_1_31' title='bbox 1023 926 1044 970; x_wconf 93' lang='lat' dir='ltr'><strong>a</strong></span> <span class='ocrx_word' id='word_1_32' title='bbox 1064 905 1213 971; x_wconf 83' lang='lat' dir='ltr'><strong>Marcello</strong></span> <span class='ocrx_word' id='word_1_33' title='bbox 1234 904 1283 971; x_wconf 83' lang='lat' dir='ltr'><strong>ia·</strong></span> 
     </span>
     <span class='ocr_line' id='line_1_6' title="bbox 212 1004 1283 1094; baseline 0.007 -25"><span class='ocrx_word' id='word_1_34' title='bbox 212 1004 257 1070; x_wconf 91' lang='lat' dir='ltr'><strong>cti</strong></span> <span class='ocrx_word' id='word_1_35' title='bbox 287 1005 407 1072; x_wconf 90' lang='lat' dir='ltr'><strong>nullam</strong></span> <span class='ocrx_word' id='word_1_36' title='bbox 437 1009 626 1075; x_wconf 84' lang='lat' dir='ltr'><strong>mentionem</strong></span> <span class='ocrx_word' id='word_1_37' title='bbox 657 1011 740 1077; x_wconf 88' lang='lat' dir='ltr'><strong>feeit.</strong></span> <span class='ocrx_word' id='word_1_38' title='bbox 794 1017 830 1076; x_wconf 89' lang='lat' dir='ltr'><strong>at</strong></span> <span class='ocrx_word' id='word_1_39' title='bbox 856 1032 927 1076; x_wconf 88' lang='lat' dir='ltr'><strong>oum</strong></span> <span class='ocrx_word' id='word_1_40' title='bbox 948 1011 1175 1089; x_wconf 88' lang='lat' dir='ltr'><strong>sambucarum,</strong></span> <span class='ocrx_word' id='word_1_41' title='bbox 1203 1031 1283 1094; x_wconf 90' lang='lat' dir='ltr'><strong>quas</strong></span> 
     </span>
     <span class='ocr_line' id='line_1_7' title="bbox 210 1111 1282 1214; baseline 0.007 -39"><span class='ocrx_word' id='word_1_42' title='bbox 210 1111 326 1177; x_wconf 91' lang='lat' dir='ltr'><strong>iunctis</strong></span> <span class='ocrx_word' id='word_1_43' title='bbox 353 1111 434 1178; x_wconf 85' lang='lat' dir='ltr'><strong>binis</strong></span> <span class='ocrx_word' id='word_1_44' title='bbox 454 1115 735 1214; x_wconf 51' lang='lat' dir='ltr'><strong>&#39;quinqueremibus</strong></span> <span class='ocrx_word' id='word_1_45' title='bbox 762 1117 926 1202; x_wconf 85' lang='lat' dir='ltr'><strong>impositas</strong></span> <span class='ocrx_word' id='word_1_46' title='bbox 954 1135 1023 1182; x_wconf 87' lang='lat' dir='ltr'><strong>esse</strong></span> <span class='ocrx_word' id='word_1_47' title='bbox 1052 1116 1282 1182; x_wconf 85' lang='lat' dir='ltr'><strong>accuratissime</strong></span> 
     </span>
     <span class='ocr_line' id='line_1_8' title="bbox 212 1215 1283 1305; baseline 0.007 -24"><span class='ocrx_word' id='word_1_48' title='bbox 212 1215 379 1302; x_wconf 82' lang='lat' dir='ltr'><strong>descripsit</strong></span> <span class='ocrx_word' id='word_1_49' title='bbox 404 1219 568 1305; x_wconf 84' lang='lat' dir='ltr'><strong>Polybius,</strong></span> <span class='ocrx_word' id='word_1_50' title='bbox 595 1223 714 1288; x_wconf 87' lang='lat' dir='ltr'><strong>nullam</strong></span> <span class='ocrx_word' id='word_1_51' title='bbox 742 1225 931 1290; x_wconf 84' lang='lat' dir='ltr'><strong>mentionem</strong></span> <span class='ocrx_word' id='word_1_52' title='bbox 957 1223 1066 1290; x_wconf 81' lang='lat' dir='ltr'><strong>iecerit</strong></span> <span class='ocrx_word' id='word_1_53' title='bbox 1086 1224 1204 1302; x_wconf 88' lang='lat' dir='ltr'><strong>Liuius,</strong></span> <span class='ocrx_word' id='word_1_54' title='bbox 1227 1221 1283 1288; x_wconf 91' lang='lat' dir='ltr'><strong>sed</strong></span> 
     </span>
     <span class='ocr_line' id='line_1_9' title="bbox 210 1317 1281 1421; baseline 0.003 -31"><span class='ocrx_word' id='word_1_55' title='bbox 210 1329 315 1390; x_wconf 67' lang='lat' dir='ltr'><strong>mres</strong></span> <span class='ocrx_word' id='word_1_56' title='bbox 328 1317 544 1393; x_wconf 67' lang='lat' dir='ltr'><strong>anabusns</strong></span> <span class='ocrx_word' id='word_1_57' title='bbox 559 1329 872 1421; x_wconf 65' lang='lat' dir='ltr'><strong>mamaneneqne</strong></span> <span class='ocrx_word' id='word_1_58' title='bbox 886 1331 1068 1396; x_wconf 74' lang='lat' dir='ltr'><strong>mainus</strong></span> <span class='ocrx_word' id='word_1_59' title='bbox 1083 1329 1281 1396; x_wconf 65' lang='lat' dir='ltr'><strong>nnuma·</strong></span> 
     </span>
     <span class='ocr_line' id='line_1_10' title="bbox 211 1435 1282 1522; baseline 0.009 -27"><span class='ocrx_word' id='word_1_60' title='bbox 211 1436 334 1497; x_wconf 92' lang='lat' dir='ltr'><strong>structa</strong></span> <span class='ocrx_word' id='word_1_61' title='bbox 356 1453 424 1498; x_wconf 90' lang='lat' dir='ltr'><strong>esse</strong></span> <span class='ocrx_word' id='word_1_62' title='bbox 445 1435 626 1518; x_wconf 84' lang='lat' dir='ltr'><strong>prodiderit,</strong></span> <span class='ocrx_word' id='word_1_63' title='bbox 649 1455 720 1501; x_wconf 91' lang='lat' dir='ltr'><strong>eum</strong></span> <span class='ocrx_word' id='word_1_64' title='bbox 734 1443 861 1520; x_wconf 85' lang='lat' dir='ltr'><strong>praeter</strong></span> <span class='ocrx_word' id='word_1_65' title='bbox 885 1437 1049 1522; x_wconf 82' lang='lat' dir='ltr'><strong>Polybium</strong></span> <span class='ocrx_word' id='word_1_66' title='bbox 1070 1437 1204 1501; x_wconf 82' lang='lat' dir='ltr'><strong>alterum</strong></span> <span class='ocrx_word' id='word_1_67' title='bbox 1224 1456 1282 1506; x_wconf 86' lang='lat' dir='ltr'><strong>au·</strong></span> 
     </span>
     <span class='ocr_line' id='line_1_11' title="bbox 211 1537 1283 1626; baseline 0.005 -23"><span class='ocrx_word' id='word_1_68' title='bbox 211 1542 333 1604; x_wconf 83' lang='lat' dir='ltr'><strong>ctorem</strong></span> <span class='ocrx_word' id='word_1_69' title='bbox 354 1541 545 1606; x_wconf 89' lang='lat' dir='ltr'><strong>consuluisse</strong></span> <span class='ocrx_word' id='word_1_70' title='bbox 566 1563 691 1607; x_wconf 89' lang='lat' dir='ltr'><strong>necesse</strong></span> <span class='ocrx_word' id='word_1_71' title='bbox 714 1548 763 1608; x_wconf 88' lang='lat' dir='ltr'><strong>est</strong></span> <span class='ocrx_word' id='word_1_72' title='bbox 784 1549 821 1608; x_wconf 90' lang='lat' dir='ltr'><strong>ut</strong></span> <span class='ocrx_word' id='word_1_73' title='bbox 841 1537 1062 1608; x_wconf 85' lang='lat' dir='ltr'><strong>existimemus.</strong></span> <span class='ocrx_word' id='word_1_74' title='bbox 1103 1543 1178 1608; x_wconf 90' lang='lat' dir='ltr'><strong>item</strong></span> <span class='ocrx_word' id='word_1_75' title='bbox 1200 1562 1283 1626; x_wconf 88' lang='lat' dir='ltr'><strong>quae</strong></span> 
     </span>
     <span class='ocr_line' id='line_1_12' title="bbox 210 1647 1283 1736; baseline 0.005 -27"><span class='ocrx_word' id='word_1_76' title='bbox 210 1649 335 1710; x_wconf 90' lang='lat' dir='ltr'><strong>restant</strong></span> <span class='ocrx_word' id='word_1_77' title='bbox 356 1647 492 1729; x_wconf 91' lang='lat' dir='ltr'><strong>quinque</strong></span> <span class='ocrx_word' id='word_1_78' title='bbox 514 1647 690 1730; x_wconf 81' lang='lat' dir='ltr'><strong>fragmenta</strong></span> <span class='ocrx_word' id='word_1_79' title='bbox 710 1648 833 1733; x_wconf 89' lang='lat' dir='ltr'><strong>Polybii</strong></span> <span class='ocrx_word' id='word_1_80' title='bbox 854 1647 954 1736; x_wconf 86' lang='lat' dir='ltr'><strong>(VIII,</strong></span> <span class='ocrx_word' id='word_1_81' title='bbox 976 1647 1035 1725; x_wconf 77' lang='lat'><strong>363</strong></span> <span class='ocrx_word' id='word_1_82' title='bbox 1058 1647 1115 1734; x_wconf 86' lang='grc'><strong>37)</strong></span> <span class='ocrx_word' id='word_1_83' title='bbox 1138 1647 1283 1731; x_wconf 86' lang='lat' dir='ltr'><strong>quamuis</strong></span> 
     </span>
     <span class='ocr_line' id='line_1_13' title="bbox 211 1751 1283 1839; baseline 0.003 -23"><span class='ocrx_word' id='word_1_84' title='bbox 211 1751 278 1816; x_wconf 89' lang='lat' dir='ltr'><strong>sint</strong></span> <span class='ocrx_word' id='word_1_85' title='bbox 308 1753 420 1836; x_wconf 85' lang='lat' dir='ltr'><strong>exigua</strong></span> <span class='ocrx_word' id='word_1_86' title='bbox 447 1759 604 1819; x_wconf 86' lang='lat' dir='ltr'><strong>testantur</strong></span> <span class='ocrx_word' id='word_1_87' title='bbox 630 1755 727 1820; x_wconf 90' lang='lat' dir='ltr'><strong>etiam</strong></span> <span class='ocrx_word' id='word_1_88' title='bbox 755 1755 788 1819; x_wconf 94' lang='lat' dir='ltr'><strong>in</strong></span> <span class='ocrx_word' id='word_1_89' title='bbox 809 1754 1038 1839; x_wconf 77' lang='lat' dir='ltr'><strong>expugnatione</strong></span> <span class='ocrx_word' id='word_1_90' title='bbox 1060 1751 1283 1839; x_wconf 73' lang='lat' dir='ltr'><strong>Syracusarum</strong></span> 
     </span>
     <span class='ocr_line' id='line_1_14' title="bbox 211 1857 1283 1947; baseline 0.001 -24"><span class='ocrx_word' id='word_1_91' title='bbox 211 1857 417 1924; x_wconf 78' lang='lat' dir='ltr'><strong>descnbenda</strong></span> <span class='ocrx_word' id='word_1_92' title='bbox 443 1861 569 1926; x_wconf 89' lang='lat' dir='ltr'><strong>Liuium</strong></span> <span class='ocrx_word' id='word_1_93' title='bbox 589 1861 711 1947; x_wconf 92' lang='lat' dir='ltr'><strong>Polybii</strong></span> <span class='ocrx_word' id='word_1_94' title='bbox 737 1861 870 1945; x_wconf 84' lang='lat' dir='ltr'><strong>uestigia</strong></span> <span class='ocrx_word' id='word_1_95' title='bbox 895 1861 1052 1945; x_wconf 86' lang='lat' dir='ltr'><strong>pressisse.</strong></span> <span class='ocrx_word' id='word_1_96' title='bbox 1097 1881 1179 1944; x_wconf 87' lang='lat' dir='ltr'><strong>quac</strong></span> <span class='ocrx_word' id='word_1_97' title='bbox 1212 1879 1283 1924; x_wconf 91' lang='lat' dir='ltr'><strong>cum</strong></span> 
     </span>
    </p>

    <p class='ocr_par' dir='ltr' id='par_1_3' title="bbox 159 1959 1379 2152">
     <span class='ocr_line' id='line_1_15' title="bbox 159 1959 1379 2086; baseline 0.002 -58"><span class='ocrx_word' id='word_1_98' title='bbox 159 2003 176 2086; x_wconf 31' lang='grc' dir='ltr'>ἢ</span> <span class='ocrx_word' id='word_1_99' title='bbox 210 1964 261 2029; x_wconf 78' lang='lat' dir='ltr'><strong>ita</strong></span> <span class='ocrx_word' id='word_1_100' title='bbox 289 1965 351 2029; x_wconf 91' lang='lat' dir='ltr'><strong>sint</strong></span> <span class='ocrx_word' id='word_1_101' title='bbox 379 1966 503 2031; x_wconf 88' lang='lat' dir='ltr'><strong>omnino</strong></span> <span class='ocrx_word' id='word_1_102' title='bbox 526 1967 560 2030; x_wconf 92' lang='lat' dir='ltr'><strong>in</strong></span> <span class='ocrx_word' id='word_1_103' title='bbox 581 1966 674 2032; x_wconf 90' lang='lat' dir='ltr'><strong>rebus</strong></span> <span class='ocrx_word' id='word_1_104' title='bbox 697 1966 808 2033; x_wconf 84' lang='lat' dir='ltr'><strong>Siculis</strong></span> <span class='ocrx_word' id='word_1_105' title='bbox 830 1966 995 2032; x_wconf 83' lang='lat' dir='ltr'><strong>narrandis</strong></span> <span class='ocrx_word' id='word_1_106' title='bbox 1016 1966 1142 2032; x_wconf 82' lang='lat' dir='ltr'><strong>liuium</strong></span> <span class='ocrx_word' id='word_1_107' title='bbox 1161 1965 1283 2051; x_wconf 84' lang='lat' dir='ltr'><strong>Polybii</strong></span> <span class='ocrx_word' id='word_1_108' title='bbox 1311 1999 1336 2083; x_wconf 55' lang='lat' dir='ltr'><strong>y</strong></span> <span class='ocrx_word' id='word_1_109' title='bbox 1375 1959 1379 1964; x_wconf 73' lang='grc'><strong>’</strong></span> 
     </span>
     <span class='ocr_line' id='line_1_16' title="bbox 210 2072 1283 2152; baseline 0.003 -17"><span class='ocrx_word' id='word_1_110' title='bbox 210 2072 432 2138; x_wconf 86' lang='lat' dir='ltr'><strong>auctoritatem</strong></span> <span class='ocrx_word' id='word_1_111' title='bbox 460 2080 600 2139; x_wconf 89' lang='lat' dir='ltr'><strong>secutum</strong></span> <span class='ocrx_word' id='word_1_112' title='bbox 622 2095 700 2152; x_wconf 88' lang='lat' dir='ltr'><strong>esse,</strong></span> <span class='ocrx_word' id='word_1_113' title='bbox 728 2095 803 2140; x_wconf 88' lang='lat' dir='ltr'><strong>raro</strong></span> <span class='ocrx_word' id='word_1_114' title='bbox 830 2074 964 2140; x_wconf 89' lang='lat' dir='ltr'><strong>alterum</strong></span> <span class='ocrx_word' id='word_1_115' title='bbox 991 2078 1149 2139; x_wconf 85' lang='lat' dir='ltr'><strong>auctorem</strong></span> <span class='ocrx_word' id='word_1_116' title='bbox 1172 2093 1283 2138; x_wconf 90' lang='lat' dir='ltr'><strong>consu·</strong></span> 
     </span>
    </p>

    <p class='ocr_par' dir='ltr' id='par_1_4' title="bbox 158 2177 1386 4499">
     <span class='ocr_line' id='line_1_17' title="bbox 158 2177 1315 2266; baseline 0.008 -29"><span class='ocrx_word' id='word_1_117' title='bbox 158 2181 169 2237; x_wconf 84' lang='lat' dir='ltr'><strong>l</strong></span> <span class='ocrx_word' id='word_1_118' title='bbox 209 2177 308 2242; x_wconf 88' lang='lat' dir='ltr'><strong>luisse</strong></span> <span class='ocrx_word' id='word_1_119' title='bbox 334 2179 497 2262; x_wconf 87' lang='lat' dir='ltr'><strong>probabile</strong></span> <span class='ocrx_word' id='word_1_120' title='bbox 524 2187 581 2246; x_wconf 85' lang='lat' dir='ltr'><strong>est.</strong></span> <span class='ocrx_word' id='word_1_121' title='bbox 609 2219 651 2229; x_wconf 88' lang='lat'><em>—</em></span> <span class='ocrx_word' id='word_1_122' title='bbox 679 2187 777 2266; x_wconf 88' lang='lat' dir='ltr'><strong>atque</strong></span> <span class='ocrx_word' id='word_1_123' title='bbox 804 2182 900 2247; x_wconf 87' lang='lat' dir='ltr'><strong>etiam</strong></span> <span class='ocrx_word' id='word_1_124' title='bbox 927 2201 1010 2264; x_wconf 87' lang='lat' dir='ltr'><strong>quae</strong></span> <span class='ocrx_word' id='word_1_125' title='bbox 1035 2180 1222 2246; x_wconf 89' lang='lat' dir='ltr'><strong>Plutarchus</strong></span> <span class='ocrx_word' id='word_1_126' title='bbox 1243 2178 1284 2246; x_wconf 90' lang='lat' dir='ltr'><strong>de</strong></span> <span class='ocrx_word' id='word_1_127' title='bbox 1304 2239 1315 2259; x_wconf 85' lang='grc'><strong>,,</strong></span> 
     </span>
     <span class='ocr_line' id='line_1_18' title="bbox 209 2281 1386 2372; baseline 0.003 -24"><span class='ocrx_word' id='word_1_128' title='bbox 209 2281 307 2349; x_wconf 89' lang='lat' dir='ltr'><strong>rebus</strong></span> <span class='ocrx_word' id='word_1_129' title='bbox 338 2283 449 2353; x_wconf 85' lang='lat' dir='ltr'><strong>Siculis</strong></span> <span class='ocrx_word' id='word_1_130' title='bbox 482 2288 627 2371; x_wconf 86' lang='lat' dir='ltr'><strong>exposuit</strong></span> <span class='ocrx_word' id='word_1_131' title='bbox 657 2309 728 2353; x_wconf 90' lang='lat' dir='ltr'><strong>cum</strong></span> <span class='ocrx_word' id='word_1_132' title='bbox 759 2287 820 2352; x_wconf 89' lang='lat' dir='ltr'><strong>hac</strong></span> <span class='ocrx_word' id='word_1_133' title='bbox 846 2286 1019 2372; x_wconf 84' lang='lat' dir='ltr'><strong>Polybiane</strong></span> <span class='ocrx_word' id='word_1_134' title='bbox 1044 2286 1223 2352; x_wconf 86' lang='lat' dir='ltr'><strong>narratione</strong></span> <span class='ocrx_word' id='word_1_135' title='bbox 1249 2288 1283 2351; x_wconf 91' lang='lat' dir='ltr'><strong>in</strong></span> <span class='ocrx_word' id='word_1_136' title='bbox 1327 2281 1386 2368; x_wconf 61' lang='lat' dir='ltr'><strong>rant</strong></span> 
     </span>
     <span class='ocr_line' id='line_1_19' title="bbox 210 2390 1283 2478; baseline 0.003 -22"><span class='ocrx_word' id='word_1_137' title='bbox 210 2390 394 2458; x_wconf 90' lang='lat' dir='ltr'><strong>uniuersum</strong></span> <span class='ocrx_word' id='word_1_138' title='bbox 421 2398 611 2477; x_wconf 84' lang='lat' dir='ltr'><strong>congruunt,</strong></span> <span class='ocrx_word' id='word_1_139' title='bbox 640 2398 677 2459; x_wconf 92' lang='lat' dir='ltr'><strong>ut</strong></span> <span class='ocrx_word' id='word_1_140' title='bbox 703 2394 791 2459; x_wconf 88' lang='lat' dir='ltr'><strong>nulla</strong></span> <span class='ocrx_word' id='word_1_141' title='bbox 818 2394 860 2459; x_wconf 88' lang='lat' dir='ltr'><strong>sit</strong></span> <span class='ocrx_word' id='word_1_142' title='bbox 882 2394 1095 2459; x_wconf 88' lang='lat' dir='ltr'><strong>controuersia</strong></span> <span class='ocrx_word' id='word_1_143' title='bbox 1117 2394 1193 2478; x_wconf 92' lang='lat' dir='ltr'><strong>quin</strong></span> <span class='ocrx_word' id='word_1_144' title='bbox 1213 2393 1283 2460; x_wconf 90' lang='lat' dir='ltr'><strong>uin-</strong></span> 
     </span>
     <span class='ocr_line' id='line_1_20' title="bbox 209 2496 1284 2581; baseline 0.002 -18"><span class='ocrx_word' id='word_1_145' title='bbox 209 2496 285 2563; x_wconf 89' lang='lat' dir='ltr'><strong>culo</strong></span> <span class='ocrx_word' id='word_1_146' title='bbox 313 2498 449 2581; x_wconf 89' lang='lat' dir='ltr'><strong>quodam</strong></span> <span class='ocrx_word' id='word_1_147' title='bbox 476 2500 666 2565; x_wconf 84' lang='lat' dir='ltr'><strong>cohaereant</strong></span> <span class='ocrx_word' id='word_1_148' title='bbox 687 2520 759 2565; x_wconf 91' lang='lat' dir='ltr'><strong>oum</strong></span> <span class='ocrx_word' id='word_1_149' title='bbox 782 2520 828 2565; x_wconf 87' lang='lat' dir='ltr'><strong>ea.</strong></span> <span class='ocrx_word' id='word_1_150' title='bbox 871 2498 1089 2564; x_wconf 89' lang='lat' dir='ltr'><strong>similitudines</strong></span> <span class='ocrx_word' id='word_1_151' title='bbox 1111 2521 1187 2565; x_wconf 91' lang='lat' dir='ltr'><strong>uero</strong></span> <span class='ocrx_word' id='word_1_152' title='bbox 1207 2521 1284 2565; x_wconf 90' lang='lat' dir='ltr'><strong>num</strong></span> 
     </span>
     <span class='ocr_line' id='line_1_21' title="bbox 210 2604 1384 2691; baseline 0 -20"><span class='ocrx_word' id='word_1_153' title='bbox 210 2626 254 2671; x_wconf 89' lang='lat' dir='ltr'><strong>ex</strong></span> <span class='ocrx_word' id='word_1_154' title='bbox 275 2604 416 2671; x_wconf 85' lang='lat' dir='ltr'><strong>adhibito</strong></span> <span class='ocrx_word' id='word_1_155' title='bbox 439 2606 569 2691; x_wconf 92' lang='lat' dir='ltr'><strong>Polybio</strong></span> <span class='ocrx_word' id='word_1_156' title='bbox 592 2628 633 2673; x_wconf 90' lang='lat' dir='ltr'><strong>au</strong></span> <span class='ocrx_word' id='word_1_157' title='bbox 661 2607 792 2673; x_wconf 88' lang='lat' dir='ltr'><strong>ehiuio</strong></span> <span class='ocrx_word' id='word_1_158' title='bbox 814 2628 855 2672; x_wconf 90' lang='lat' dir='ltr'><strong>an</strong></span> <span class='ocrx_word' id='word_1_159' title='bbox 878 2627 896 2671; x_wconf 90' lang='lat' dir='ltr'><strong>e</strong></span> <span class='ocrx_word' id='word_1_160' title='bbox 918 2606 1073 2671; x_wconf 90' lang='lat' dir='ltr'><strong>communi</strong></span> <span class='ocrx_word' id='word_1_161' title='bbox 1094 2611 1128 2671; x_wconf 91' lang='lat' dir='ltr'><strong>et</strong></span> <span class='ocrx_word' id='word_1_162' title='bbox 1149 2626 1169 2670; x_wconf 88' lang='lat' dir='ltr'><strong>a</strong></span> <span class='ocrx_word' id='word_1_163' title='bbox 1190 2605 1283 2691; x_wconf 84' lang='lat' dir='ltr'><strong>Poly·</strong></span> <span class='ocrx_word' id='word_1_164' title='bbox 1378 2639 1384 2648; x_wconf 76' lang='grc'><em>·</em></span> 
     </span>
     <span class='ocr_line' id='line_1_22' title="bbox 210 2710 1284 2797; baseline 0.001 -21"><span class='ocrx_word' id='word_1_165' title='bbox 210 2710 276 2776; x_wconf 84' lang='lat' dir='ltr'><strong>bio.</strong></span> <span class='ocrx_word' id='word_1_166' title='bbox 298 2716 331 2775; x_wconf 91' lang='lat' dir='ltr'><strong>et</strong></span> <span class='ocrx_word' id='word_1_167' title='bbox 367 2732 387 2776; x_wconf 90' lang='lat' dir='ltr'><strong>a</strong></span> <span class='ocrx_word' id='word_1_168' title='bbox 425 2712 594 2777; x_wconf 88' lang='lat' dir='ltr'><strong>Plutarcho</strong></span> <span class='ocrx_word' id='word_1_169' title='bbox 626 2718 777 2797; x_wconf 87' lang='lat' dir='ltr'><strong>usurpato</strong></span> <span class='ocrx_word' id='word_1_170' title='bbox 810 2712 898 2779; x_wconf 87' lang='lat' dir='ltr'><strong>fonte</strong></span> <span class='ocrx_word' id='word_1_171' title='bbox 930 2710 1077 2776; x_wconf 88' lang='lat' dir='ltr'><strong>fluxerint</strong></span> <span class='ocrx_word' id='word_1_172' title='bbox 1107 2711 1284 2795; x_wconf 80' lang='lat' dir='ltr'><strong>diligentius</strong></span> 
     </span>
     <span class='ocr_line' id='line_1_23' title="bbox 209 2816 1284 2902; baseline 0.002 -20"><span class='ocrx_word' id='word_1_173' title='bbox 209 2816 427 2902; x_wconf 82' lang='lat' dir='ltr'><strong>quaerendum</strong></span> <span class='ocrx_word' id='word_1_174' title='bbox 447 2823 503 2883; x_wconf 89' lang='lat' dir='ltr'><strong>est.</strong></span> <span class='ocrx_word' id='word_1_175' title='bbox 548 2838 586 2883; x_wconf 88' lang='lat' dir='ltr'><strong>ac</strong></span> <span class='ocrx_word' id='word_1_176' title='bbox 607 2818 733 2882; x_wconf 88' lang='lat' dir='ltr'><strong>Liuium</strong></span> <span class='ocrx_word' id='word_1_177' title='bbox 753 2816 880 2902; x_wconf 87' lang='lat' dir='ltr'><strong>quidem</strong></span> <span class='ocrx_word' id='word_1_178' title='bbox 900 2816 1061 2882; x_wconf 89' lang='lat' dir='ltr'><strong>Plutarchi</strong></span> <span class='ocrx_word' id='word_1_179' title='bbox 1081 2817 1199 2883; x_wconf 87' lang='lat' dir='ltr'><strong>fontem</strong></span> <span class='ocrx_word' id='word_1_180' title='bbox 1220 2838 1284 2884; x_wconf 90' lang='lat' dir='ltr'><strong>non</strong></span> 
     </span>
     <span class='ocr_line' id='line_1_24' title="bbox 207 2922 1284 2991; baseline 0.002 -2"><span class='ocrx_word' id='word_1_181' title='bbox 207 2922 309 2989; x_wconf 72' lang='lat' dir='ltr'><strong>mssa</strong></span> <span class='ocrx_word' id='word_1_182' title='bbox 331 2930 450 2989; x_wconf 89' lang='lat' dir='ltr'><strong>certum</strong></span> <span class='ocrx_word' id='word_1_183' title='bbox 472 2930 529 2990; x_wconf 90' lang='lat' dir='ltr'><strong>est.</strong></span> <span class='ocrx_word' id='word_1_184' title='bbox 573 2946 647 2990; x_wconf 89' lang='lat' dir='ltr'><strong>nam</strong></span> <span class='ocrx_word' id='word_1_185' title='bbox 668 2930 705 2989; x_wconf 91' lang='lat' dir='ltr'><strong>ut</strong></span> <span class='ocrx_word' id='word_1_186' title='bbox 726 2926 907 2991; x_wconf 87' lang='lat' dir='ltr'><strong>omittamus</strong></span> <span class='ocrx_word' id='word_1_187' title='bbox 929 2924 1032 2990; x_wconf 92' lang='lat' dir='ltr'><strong>dicere</strong></span> <span class='ocrx_word' id='word_1_188' title='bbox 1054 2923 1095 2990; x_wconf 87' lang='lat' dir='ltr'><strong>de</strong></span> <span class='ocrx_word' id='word_1_189' title='bbox 1115 2924 1284 2991; x_wconf 80' lang='lat' dir='ltr'><strong>leuioribus</strong></span> 
     </span>
     <span class='ocr_line' id='line_1_25' title="bbox 208 3029 1285 3115; baseline 0.002 -20"><span class='ocrx_word' id='word_1_190' title='bbox 208 3030 431 3115; x_wconf 73' lang='lat' dir='ltr'><strong>discrepamfis</strong></span> <span class='ocrx_word' id='word_1_191' title='bbox 459 3029 499 3095; x_wconf 91' lang='lat' dir='ltr'><strong>de</strong></span> <span class='ocrx_word' id='word_1_192' title='bbox 530 3052 577 3108; x_wconf 92' lang='lat' dir='ltr'><strong>eo,</strong></span> <span class='ocrx_word' id='word_1_193' title='bbox 610 3031 695 3115; x_wconf 89' lang='lat' dir='ltr'><strong>quod</strong></span> <span class='ocrx_word' id='word_1_194' title='bbox 722 3032 831 3096; x_wconf 92' lang='lat' dir='ltr'><strong>Liuius</strong></span> <span class='ocrx_word' id='word_1_195' title='bbox 863 3031 960 3097; x_wconf 86' lang='lat' dir='ltr'><strong>alium</strong></span> <span class='ocrx_word' id='word_1_196' title='bbox 981 3036 1140 3097; x_wconf 86' lang='lat' dir='ltr'><strong>auctorem</strong></span> <span class='ocrx_word' id='word_1_197' title='bbox 1161 3036 1285 3097; x_wconf 88' lang='lat' dir='ltr'><strong>secutus</strong></span> 
     </span>
     <span class='ocr_line' id='line_1_26' title="bbox 209 3135 1285 3224; baseline 0.002 -22"><span class='ocrx_word' id='word_1_198' title='bbox 209 3135 307 3203; x_wconf 88' lang='lat' dir='ltr'><strong>aliter</strong></span> <span class='ocrx_word' id='word_1_199' title='bbox 333 3158 371 3203; x_wconf 90' lang='lat' dir='ltr'><strong>ac</strong></span> <span class='ocrx_word' id='word_1_200' title='bbox 397 3138 545 3224; x_wconf 91' lang='lat' dir='ltr'><strong>Polybius</strong></span> <span class='ocrx_word' id='word_1_201' title='bbox 573 3138 726 3223; x_wconf 85' lang='lat' dir='ltr'><strong>exposuit,</strong></span> <span class='ocrx_word' id='word_1_202' title='bbox 755 3137 940 3204; x_wconf 88' lang='lat' dir='ltr'><strong>Plutarchus</strong></span> <span class='ocrx_word' id='word_1_203' title='bbox 961 3136 1037 3203; x_wconf 81' lang='lat' dir='ltr'><strong>iacit</strong></span> <span class='ocrx_word' id='word_1_204' title='bbox 1060 3155 1134 3203; x_wconf 85' lang='lat' dir='ltr'><strong>cum</strong></span> <span class='ocrx_word' id='word_1_205' title='bbox 1155 3137 1285 3223; x_wconf 92' lang='lat' dir='ltr'><strong>Polybio</strong></span> 
     </span>
     <span class='ocr_line' id='line_1_27' title="bbox 208 3223 1285 3331; baseline -0.002 -20"><span class='ocrx_word' id='word_1_206' title='bbox 208 3223 310 3329; x_wconf 73' lang='lat' dir='ltr'><strong>atque</strong></span> <span class='ocrx_word' id='word_1_207' title='bbox 331 3245 459 3311; x_wconf 58' lang='lat' dir='ltr'><strong>annuet</strong></span> <span class='ocrx_word' id='word_1_208' title='bbox 480 3244 523 3324; x_wconf 74' lang='lat' dir='ltr'><strong>ic,</strong></span> <span class='ocrx_word' id='word_1_209' title='bbox 547 3246 631 3331; x_wconf 77' lang='lat' dir='ltr'><strong>quos</strong></span> <span class='ocrx_word' id='word_1_210' title='bbox 653 3246 762 3311; x_wconf 73' lang='lat' dir='ltr'><strong>sinn</strong></span> <span class='ocrx_word' id='word_1_211' title='bbox 783 3243 1004 3331; x_wconf 71' lang='lat' dir='ltr'><strong>praetermisit,</strong></span> <span class='ocrx_word' id='word_1_212' title='bbox 1026 3243 1167 3329; x_wconf 72' lang='lat' dir='ltr'><strong>pransus</strong></span> <span class='ocrx_word' id='word_1_213' title='bbox 1188 3264 1285 3328; x_wconf 70' lang='lat' dir='ltr'><strong>agens</strong></span> 
     </span>
     <span class='ocr_line' id='line_1_28' title="bbox 209 3348 1285 3449; baseline 0 -34"><span class='ocrx_word' id='word_1_214' title='bbox 209 3348 255 3415; x_wconf 91' lang='lat' dir='ltr'><strong>de</strong></span> <span class='ocrx_word' id='word_1_215' title='bbox 277 3352 426 3449; x_wconf 68' lang='lat' dir='ltr'><strong>sambuca</strong></span> <span class='ocrx_word' id='word_1_216' title='bbox 447 3358 480 3443; x_wconf 84' lang='lat' dir='ltr'><strong>et</strong></span> <span class='ocrx_word' id='word_1_217' title='bbox 502 3352 541 3417; x_wconf 89' lang='lat' dir='ltr'><strong>de</strong></span> <span class='ocrx_word' id='word_1_218' title='bbox 562 3354 682 3438; x_wconf 89' lang='lat' dir='ltr'><strong>impetu</strong></span> <span class='ocrx_word' id='word_1_219' title='bbox 704 3357 797 3418; x_wconf 90' lang='lat' dir='ltr'><strong>nocte</strong></span> <span class='ocrx_word' id='word_1_220' title='bbox 819 3372 839 3417; x_wconf 93' lang='lat' dir='ltr'><strong>a</strong></span> <span class='ocrx_word' id='word_1_221' title='bbox 860 3350 1009 3416; x_wconf 86' lang='lat' dir='ltr'><strong>Marcello</strong></span> <span class='ocrx_word' id='word_1_222' title='bbox 1030 3356 1183 3434; x_wconf 89' lang='lat' dir='ltr'><strong>suscepto.</strong></span> <span class='ocrx_word' id='word_1_223' title='bbox 1226 3370 1285 3434; x_wconf 87' lang='lat' dir='ltr'><strong>pa·</strong></span> 
     </span>
     <span class='ocr_line' id='line_1_29' title="bbox 210 3440 1286 3543; baseline 0.002 -22"><span class='ocrx_word' id='word_1_224' title='bbox 210 3459 264 3521; x_wconf 87' lang='lat' dir='ltr'><strong>tet</strong></span> <span class='ocrx_word' id='word_1_225' title='bbox 294 3440 663 3543; x_wconf 40' lang='lat' dir='ltr'><strong>Plumchmffopim&#39;</strong></span> <span class='ocrx_word' id='word_1_226' title='bbox 692 3456 841 3523; x_wconf 77' lang='lat' dir='ltr'><strong>accedere</strong></span> <span class='ocrx_word' id='word_1_227' title='bbox 873 3455 915 3522; x_wconf 89' lang='lat' dir='ltr'><strong>ad</strong></span> <span class='ocrx_word' id='word_1_228' title='bbox 947 3454 1119 3540; x_wconf 85' lang='lat' dir='ltr'><strong>Polybium.</strong></span> <span class='ocrx_word' id='word_1_229' title='bbox 1163 3453 1219 3521; x_wconf 91' lang='lat' dir='ltr'><strong>sed</strong></span> <span class='ocrx_word' id='word_1_230' title='bbox 1245 3477 1286 3523; x_wconf 89' lang='lat' dir='ltr'><strong>nc</strong></span> 
     </span>
     <span class='ocr_line' id='line_1_30' title="bbox 210 3560 1286 3654; baseline 0 -26"><span class='ocrx_word' id='word_1_231' title='bbox 210 3560 504 3654; x_wconf 60' lang='lat' dir='ltr'><strong>00AEi&lt;itmjltufl</strong></span> <span class='ocrx_word' id='word_1_232' title='bbox 522 3569 579 3629; x_wconf 90' lang='lat' dir='ltr'><strong>est.</strong></span> <span class='ocrx_word' id='word_1_233' title='bbox 622 3585 698 3630; x_wconf 91' lang='lat' dir='ltr'><strong>nam</strong></span> <span class='ocrx_word' id='word_1_234' title='bbox 719 3561 762 3628; x_wconf 86' lang='lat' dir='ltr'><strong>ad</strong></span> <span class='ocrx_word' id='word_1_235' title='bbox 778 3567 941 3627; x_wconf 84' lang='lat' dir='ltr'><strong>externam</strong></span> <span class='ocrx_word' id='word_1_236' title='bbox 962 3561 1098 3646; x_wconf 89' lang='lat' dir='ltr'><strong>speciem</strong></span> <span class='ocrx_word' id='word_1_237' title='bbox 1119 3561 1286 3647; x_wconf 85' lang='lat' dir='ltr'><strong>respiciens</strong></span> 
     </span>
     <span class='ocr_line' id='line_1_31' title="bbox 210 3668 1285 3755; baseline -0.004 -18"><span class='ocrx_word' id='word_1_238' title='bbox 210 3669 333 3737; x_wconf 87' lang='lat' dir='ltr'><strong>nullam</strong></span> <span class='ocrx_word' id='word_1_239' title='bbox 353 3671 489 3755; x_wconf 85' lang='lat' dir='ltr'><strong>reperies</strong></span> <span class='ocrx_word' id='word_1_240' title='bbox 511 3675 567 3736; x_wconf 88' lang='lat' dir='ltr'><strong>aut</strong></span> <span class='ocrx_word' id='word_1_241' title='bbox 587 3671 731 3738; x_wconf 86' lang='lat' dir='ltr'><strong>dictionis</strong></span> <span class='ocrx_word' id='word_1_242' title='bbox 746 3674 802 3736; x_wconf 88' lang='lat' dir='ltr'><strong>aut</strong></span> <span class='ocrx_word' id='word_1_243' title='bbox 816 3668 1028 3754; x_wconf 90' lang='lat' dir='ltr'><strong>dispositionis</strong></span> <span class='ocrx_word' id='word_1_244' title='bbox 1042 3668 1285 3747; x_wconf 87' lang='lat' dir='ltr'><strong>similitudinem,</strong></span> 
     </span>
     <span class='ocr_line' id='line_1_32' title="bbox 212 3773 1333 3861; baseline -0.003 -19"><span class='ocrx_word' id='word_1_245' title='bbox 212 3774 300 3861; x_wconf 89' lang='lat' dir='ltr'><strong>quod</strong></span> <span class='ocrx_word' id='word_1_246' title='bbox 322 3796 398 3842; x_wconf 91' lang='lat' dir='ltr'><strong>sane</strong></span> <span class='ocrx_word' id='word_1_247' title='bbox 421 3777 534 3843; x_wconf 85' lang='lat' dir='ltr'><strong>mirum</strong></span> <span class='ocrx_word' id='word_1_248' title='bbox 555 3782 647 3855; x_wconf 89' lang='lat' dir='ltr'><strong>esset,</strong></span> <span class='ocrx_word' id='word_1_249' title='bbox 670 3776 914 3861; x_wconf 88' lang='lat' dir='ltr'><strong>sipraecipuum</strong></span> <span class='ocrx_word' id='word_1_250' title='bbox 928 3778 1087 3840; x_wconf 87' lang='lat' dir='ltr'><strong>auctorem</strong></span> <span class='ocrx_word' id='word_1_251' title='bbox 1100 3773 1286 3840; x_wconf 87' lang='lat' dir='ltr'><strong>Plutarchus</strong></span> <span class='ocrx_word' id='word_1_252' title='bbox 1325 3782 1333 3789; x_wconf 84' lang='lat'><em>&#39;</em></span> 
     </span>
     <span class='ocr_line' id='line_1_33' title="bbox 211 3879 1308 3980; baseline -0.004 -31"><span class='ocrx_word' id='word_1_253' title='bbox 211 3882 375 3949; x_wconf 87' lang='lat' dir='ltr'><strong>habuisset</strong></span> <span class='ocrx_word' id='word_1_254' title='bbox 389 3882 561 3968; x_wconf 89' lang='lat' dir='ltr'><strong>Polybium.</strong></span> <span class='ocrx_word' id='word_1_255' title='bbox 591 3888 687 3967; x_wconf 90' lang='lat' dir='ltr'><strong>atque</strong></span> <span class='ocrx_word' id='word_1_256' title='bbox 701 3887 844 3968; x_wconf 79' lang='lat' dir='ltr'><strong>pugnant</strong></span> <span class='ocrx_word' id='word_1_257' title='bbox 860 3881 956 3947; x_wconf 90' lang='lat' dir='ltr'><strong>etiam</strong></span> <span class='ocrx_word' id='word_1_258' title='bbox 970 3880 1053 3945; x_wconf 86' lang='lat' dir='ltr'><strong>iuter</strong></span> <span class='ocrx_word' id='word_1_259' title='bbox 1067 3899 1111 3956; x_wconf 89' lang='lat' dir='ltr'><strong>se,</strong></span> <span class='ocrx_word' id='word_1_260' title='bbox 1126 3901 1198 3945; x_wconf 90' lang='lat' dir='ltr'><strong>oum</strong></span> <span class='ocrx_word' id='word_1_261' title='bbox 1211 3879 1286 3945; x_wconf 89' lang='lat' dir='ltr'><strong>Plu·</strong></span> <span class='ocrx_word' id='word_1_262' title='bbox 1296 3892 1308 3980; x_wconf 67' lang='lat' dir='ltr'><em>J</em></span> 
     </span>
     <span class='ocr_line' id='line_1_34' title="bbox 212 3940 1381 4147; baseline -0.004 -91"><span class='ocrx_word' id='word_1_263' title='bbox 212 3989 342 4056; x_wconf 78' lang='lat' dir='ltr'><strong>tarchsn</strong></span> <span class='ocrx_word' id='word_1_264' title='bbox 356 3990 464 4074; x_wconf 91' lang='lat' dir='ltr'><strong>prodit</strong></span> <span class='ocrx_word' id='word_1_265' title='bbox 478 3989 660 4055; x_wconf 89' lang='lat' dir='ltr'><strong>Marcellum</strong></span> <span class='ocrx_word' id='word_1_266' title='bbox 675 3994 747 4055; x_wconf 87' lang='lat' dir='ltr'><strong>octo</strong></span> <span class='ocrx_word' id='word_1_267' title='bbox 761 3988 1001 4073; x_wconf 88' lang='lat' dir='ltr'><strong>quinqueremes</strong></span> <span class='ocrx_word' id='word_1_268' title='bbox 1014 4006 1078 4052; x_wconf 94' lang='lat' dir='ltr'><strong>uno</strong></span> <span class='ocrx_word' id='word_1_269' title='bbox 1088 4005 1203 4069; x_wconf 82' lang='lat' dir='ltr'><strong>magno</strong></span> <span class='ocrx_word' id='word_1_270' title='bbox 1214 3985 1286 4069; x_wconf 80' lang='lat' dir='ltr'><strong>iugo</strong></span> <span class='ocrx_word' id='word_1_271' title='bbox 1293 3940 1381 4147; x_wconf 44' lang='lat' dir='ltr'><strong>fida„</strong></span> 
     </span>
     <span class='ocr_line' id='line_1_35' title="bbox 213 4091 1286 4184; baseline -0.007 -22"><span class='ocrx_word' id='word_1_272' title='bbox 213 4095 376 4180; x_wconf 83' lang='lat' dir='ltr'><strong>colligasse</strong></span> <span class='ocrx_word' id='word_1_273' title='bbox 390 4097 423 4162; x_wconf 93' lang='lat' dir='ltr'><strong>in</strong></span> <span class='ocrx_word' id='word_1_274' title='bbox 437 4116 537 4184; x_wconf 88' lang='lat' dir='ltr'><strong>eoque</strong></span> <span class='ocrx_word' id='word_1_275' title='bbox 547 4094 727 4161; x_wconf 90' lang='lat' dir='ltr'><strong>sambucam</strong></span> <span class='ocrx_word' id='word_1_276' title='bbox 736 4094 927 4160; x_wconf 74' lang='lat' dir='ltr'><strong>exstruxime</strong></span> <span class='ocrx_word' id='word_1_277' title='bbox 941 4091 1040 4179; x_wconf 83' lang='lat' dir='ltr'><strong>(XIV,</strong></span> <span class='ocrx_word' id='word_1_278' title='bbox 1064 4092 1117 4169; x_wconf 76' lang='lat'><strong>173</strong></span> <span class='ocrx_word' id='word_1_279' title='bbox 1132 4091 1201 4168; x_wconf 90' lang='lat' dir='ltr'><strong>XV,</strong></span> <span class='ocrx_word' id='word_1_280' title='bbox 1218 4091 1286 4177; x_wconf 91' lang='grc'>19),</span> 
     </span>
     <span class='ocr_line' id='line_1_36' title="bbox 213 4194 1286 4288; baseline -0.01 -18"><span class='ocrx_word' id='word_1_281' title='bbox 213 4202 361 4288; x_wconf 90' lang='lat' dir='ltr'><strong>Polybius</strong></span> <span class='ocrx_word' id='word_1_282' title='bbox 375 4206 481 4268; x_wconf 88' lang='lat' dir='ltr'><strong>autem</strong></span> <span class='ocrx_word' id='word_1_283' title='bbox 496 4199 630 4265; x_wconf 87' lang='lat' dir='ltr'><strong>dilucide</strong></span> <span class='ocrx_word' id='word_1_284' title='bbox 652 4199 789 4284; x_wconf 88' lang='lat' dir='ltr'><strong>explicat</strong></span> <span class='ocrx_word' id='word_1_285' title='bbox 810 4204 881 4266; x_wconf 89' lang='lat' dir='ltr'><strong>octo</strong></span> <span class='ocrx_word' id='word_1_286' title='bbox 903 4198 1171 4286; x_wconf 90' lang='lat' dir='ltr'><strong>quinqueremium</strong></span> <span class='ocrx_word' id='word_1_287' title='bbox 1185 4194 1286 4273; x_wconf 89' lang='lat' dir='ltr'><strong>binas,</strong></span> 
     </span>
     <span class='ocr_line' id='line_1_37' title="bbox 214 4300 1287 4391; baseline -0.01 -16"><span class='ocrx_word' id='word_1_288' title='bbox 214 4309 306 4377; x_wconf 84' lang='lat' dir='ltr'><strong>alteri</strong></span> <span class='ocrx_word' id='word_1_289' title='bbox 327 4308 421 4374; x_wconf 90' lang='lat' dir='ltr'><strong>remis</strong></span> <span class='ocrx_word' id='word_1_290' title='bbox 440 4308 559 4373; x_wconf 87' lang='lat' dir='ltr'><strong>dextris</strong></span> <span class='ocrx_word' id='word_1_291' title='bbox 581 4306 674 4372; x_wconf 86' lang='lat' dir='ltr'><strong>alteri</strong></span> <span class='ocrx_word' id='word_1_292' title='bbox 694 4303 828 4378; x_wconf 88' lang='lat' dir='ltr'><strong>sinistris</strong></span> <span class='ocrx_word' id='word_1_293' title='bbox 848 4304 983 4391; x_wconf 89' lang='lat' dir='ltr'><strong>demptis</strong></span> <span class='ocrx_word' id='word_1_294' title='bbox 1004 4302 1159 4389; x_wconf 87' lang='lat' dir='ltr'><strong>nudisque</strong></span> <span class='ocrx_word' id='word_1_295' title='bbox 1179 4300 1287 4365; x_wconf 88' lang='lat' dir='ltr'><strong>lateri·</strong></span> 
     </span>
     <span class='ocr_line' id='line_1_38' title="bbox 214 4407 1287 4499; baseline -0.012 -17"><span class='ocrx_word' id='word_1_296' title='bbox 214 4413 276 4482; x_wconf 85' lang='lat' dir='ltr'><strong>bus</strong></span> <span class='ocrx_word' id='word_1_297' title='bbox 302 4412 466 4499; x_wconf 83' lang='lat' dir='ltr'><strong>copulatis,</strong></span> <span class='ocrx_word' id='word_1_298' title='bbox 495 4412 625 4499; x_wconf 83' lang='lat' dir='ltr'><strong>singulis</strong></span> <span class='ocrx_word' id='word_1_299' title='bbox 652 4410 809 4479; x_wconf 85' lang='lat' dir='ltr'><strong>sambucis</strong></span> <span class='ocrx_word' id='word_1_300' title='bbox 829 4412 999 4478; x_wconf 82' lang='lat' dir='ltr'><strong>instructas</strong></span> <span class='ocrx_word' id='word_1_301' title='bbox 1021 4428 1060 4475; x_wconf 86' lang='lat' dir='ltr'><strong>ac</strong></span> <span class='ocrx_word' id='word_1_302' title='bbox 1082 4407 1171 4473; x_wconf 87' lang='lat' dir='ltr'><strong>uelut</strong></span> <span class='ocrx_word' id='word_1_303' title='bbox 1191 4424 1287 4471; x_wconf 83' lang='lat' dir='ltr'><strong>unam</strong></span> 
     </span>
    </p>
   </div>
   <div class='ocr_carea' id='block_1_3' title="bbox 1303 4050 1381 4133">
    <p class='ocr_par' dir='ltr' id='par_1_5' title="bbox 1303 4050 1381 4133">
     <span class='ocr_line' id='line_1_39' title="bbox 1303 4050 1381 4133; baseline 0.013 -26"><span class='ocrx_word' id='word_1_304' title='bbox 1303 4050 1381 4133; x_wconf 64' lang='lat' dir='ltr'><strong>aya</strong></span> 
     </span>
    </p>
   </div>
   <div class='ocr_carea' id='block_1_4' title="bbox 0 0 1485 4900">
    <p class='ocr_par' dir='ltr' id='par_1_6' title="bbox 0 0 1485 4900">
     <span class='ocr_line' id='line_1_40' title="bbox 0 0 1485 4900; baseline 0 0"><span class='ocrx_word' id='word_1_305' title='bbox 0 0 1485 4900; x_wconf 95' lang='lat' dir='ltr'><strong> </strong></span> 
     </span>
    </p>
   </div>
  </div>
 </body>
</html>
