2950 4900
618 326 838 414 ..20...

194 553 288 622 modo
310 553 349 622 10
371 553 461 625 Fabii
486 558 684 626 umctatione
716 558 857 626 iudicant
881 557 1043 642 appianus
1074 554 1177 625 Hann.
1213 557 1263 636 12,

195 661 238 726 13
265 666 298 727 01
324 663 463 730 Zonaras
489 664 565 732 VIII
591 686 661 749 pag.
686 664 934 744 190‚16-20;
964 665 1038 741 192,
1066 664 1153 730 1-9
1176 663 1262 751 (edit.

193 767 390 854 umus).
574 819 577 826 ι
1376 860 1377 863 ψ

298 874 398 946 Paulo
424 874 488 942 aliu
514 877 596 942 ratio
624 878 707 943 inter
735 877 861 942 eosdem
882 881 1026 944 auctores
1046 875 1212 943 intercedit
1231 878 1264 942 in

194 979 233 1048 iis
255 986 514 1064 quassabantur.
558 983 590 1053 iu
615 983 789 1052 enarrando
811 983 895 1050 enim
916 982 1000 1060 1010,
1022 1002 1084 1066 quo
1107 981 1265 1050 Hannibal

194 1106 234 1152 ex
260 1087 411 1170 augustiis
440 1088 507 1171 agri
533 1088 658 1157 Falerni
686 1089 811 1172 elapsus
839 1089 890 1167 sit,
917 1089 1096 1172 saepissime
1123 1088 1206 1154 inter
1231 1111 1264 1168 se

194 1191 372 1281 discrepapt
400 1192 495 1280 (Plut.
517 1195 689 1273 vl-vn;
717 1196 784 1261 Pol.
805 1195 863 1273 III,
886 1195 1044 1272 90-94;
1072 1195 1140 1262 Liu.
1163 1195 1264 1274 XXII,

196 1299 350 1386 13—18).
395 1301 690 1385 quamquam¹quin
717 1306 788 1366 arto
814 1300 940 1366 0100010
969 1300 1052 1366 inter
1085 1319 1120 1366 sc
1152 1302 1265 1368 cohae-

193 1409 284 1470 ruant
305 1405 420 1488 ambigi
442 1427 505 1472 non
525 1411 639 1491 potest,
663 1407 806 1474 omnibus
819 1406 853 1472 in
874 1407 944 1490 ipsa
957 1405 1067 1472 narde
1080 1407 1264 1475 Hannibalis
1377 1400 1378 1415 ³

195 1507 399 1578 describenda
413 1512 473 1598 (Pl.
489 1512 543 1590 vl,
558 1513 689 1578 26—32
697 1537 706 1589 3
728 1510 796 1578 Por.
810 1513 865 1590 93,
880 1512 1026 1588 14-30;
1048 1513 1101 1590 94,
1117 1513 1264 1591 20-24;

194 1615 262 1683 Liu.
296 1618 337 1683 16
356 1619 385 1701 ὅ.
408 1618 510 1696 7-8;
538 1619 580 1686 18
602 1624 630 1702 ὅ.
653 1619 699 1705 1),
728 1618 898 1686 Plutarcho
924 1624 959 1684 et
984 1618 1076 1683 Liuio
1097 1618 1131 1682 in
1162 1618 1264 1686 furore

196 1720 292 1787 boum
318 1723 451 1790 flammis
487 1723 717 1794 stimulatomm
742 1723 930 1791 illustrando
958 1722 1018 1811 (Pl.
1040 1724 1095 1802 VI,
1118 1725 1264 1803 32-48;

195 1827 568 1916 01011000)οᾱοο
584 1831 861 1909 consentientibus,
882 1836 920 1897 ut
940 1831 1078 1914 ipsorum
1099 1831 1265 1898 uerborum

194 1934 364 2002 similitudo
396 1923 672 2003 animaduertatur.
730 1957 793 2020 quo
832 1957 908 2002 uero
947 1936 1071 2003 0100010
1111 1937 1267 2004 coniuncti

194 2041 258 2106 sint
290 2042 389 2110 multo
423 2043 535 2110 clarius
570 2065 665 2126 quam
696 2049 792 2108 antea
818 2044 1030 2126 cognoscitur,
1057 2044 1206 2127 quoniam
1226 2065 1265 2110 ex

195 2148 271 2231 ipsis
298 2148 513 2234 discrepantis
541 2151 643 2216 euinci
669 2156 775 2235 potest
801 2151 1004 2216 Plutarchum
1023 2170 1087 2216 nec.
1103 2150 1266 2236 Polybium

195 2273 254 2320 nec
273 2253 398 2320 Liuium
419 2255 538 2322 fontem
559 2256 713 2323 habuisse.
742 2256 872 2341 Polybio
893 2257 1070 2322 enimcum
1090 2278 1155 2322 uon
1175 2279 1266 2324 usum

195 2381 271 2439 0000,
294 2380 335 2426 00
350 2382 456 2428 omnes
471 2362 696 2449 discrepantias
715 2363 854 2441 afferam,
876 2363 1047 2429 0001100100
1069 2384 1109 2428 ex
1131 2384 1169 2430 eo
1191 2385 1266 2430 oon-

195 2469 331 2535 cluditur
342 2472 437 2555 quod,
450 2472 504 2537 ubi
515 2471 679 2556 Polybium
688 2492 770 2556 quae
780 2473 814 2537 in
825 2472 990 2538 annalibus
1000 2472 1107 2555 inepte
1118 2477 1175 2570 aut
1187 2471 1267 2537 falso

194 2575 313 2643 tradita
341 2584 445 2645 essent
472 2580 595 2645 saniore
621 2578 737 2644 iudicio
760 2585 792 2643 01
813 2579 1007 2644 accuratiore
1035 2598 1140 2643 rerum
1161 2580 1268 2662 cogni-

196 2683 281 2753 tione
302 2684 488 2750 instructum
510 2684 681 2761 correxisse
695 2684 895 2749 manifestum
916 2688 975 2761 est,
996 2682 1183 2748 Plutarchus
1203 2703 1269 2759 non

194 2789 434 2874 probabiliorem
461 2811 499 2855 00
525 2791 680 2855 ueriorem
701 2790 785 2855 illius
811 2790 1022 2855 narrationem
1047 2788 1185 2865 exhibet,
1210 2787 1268 2855 sad

197 2896 357 2965 annalium
379 2916 498 2961 errores
520 2896 684 2961 retinuisse
705 2895 838 2962 uidetur.
883 2895 930 2959 ita
962 2916 1035 2959 cum
1055 2899 1164 2959 narrat
1184 2894 1269 2959 iuui-

195 3006 264 3069 tum
284 3000 493 3069 Hannibalem
515 3001 630 3067 ducum
657 3020 762 3067 errore
783 3001 817 3066 in
838 3021 948 3084 agrum
968 3001 1135 3065 Falernum
1155 3020 1269 3084 perue-

195 3108 288 3185 nisse,
311 3128 405 3191 quam
419 3108 558 3174 fabulam
579 3107 776 3174 hauddubie
797 3108 958 3173 annalium
979 3108 1146 3191 scriptores
1166 3106 1270 3172 tradi-
1380 3121 1381 3176 l

195 3212 322 3291 derant,
347 3212 495 3297 Polybius
523 3234 632 3279 ueram
654 3235 790 3290 causam,
815 3234 879 3297 qua
910 3213 1080 3297 perductus
1107 3212 1271 3279 Hannibal
1380 3217 1381 3272 l

195 3319 229 3384 in
260 3338 369 3401 agrum
390 3318 557 3385 Falernum
590 3318 795 3398 descenderit,
828 3319 990 3403 perspexit
1022 3339 1181 3402 exponens
1209 3339 1271 3383 sna
1380 3293 1381 3378 l

196 3429 307 3510 sponte
334 3424 510 3511 profectum
537 3444 606 3491 esse
633 3425 842 3491 Hannibalem
863 3425 896 3490 in
919 3422 1131 3508 Campaniam,
1151 3422 1271 3519 0110-

194 3539 321 3601 uastata
340 3532 531 3599 fertilissima
539 3532 650 3597 Italiae
664 3532 792 3615 regione
814 3536 871 3597 001
892 3530 1048 3597 1100000000
1070 3530 1190 3614 proelio
1211 3528 1271 3595 de-
1380 3575 1381 3600 y

195 3646 315 3707 certare
336 3644 461 3723 cogeret
482 3643 539 3703 aut
560 3638 660 3704 socios
675 3658 785 3704 eorum
799 3636 842 3703 01
857 3636 1063 3702 defectionem
1077 3636 1271 3701 sollicitaret
1380 3711 1381 3736 χ

195 3752 263 3813 tum
291 3746 367 3811 dicit
391 3743 577 3810 Plutarchus
598 3742 825 3822 Hannibalern,
858 3764 930 3808 cnm
950 3741 1088 3825 undique
1109 3741 1273 3808 montibus
1380 3741 1381 3770 ¹

195 3874 233 3921 00
253 3850 432 3918 fluminibus
453 3850 590 3917 inclusus
612 3850 698 3916 saltu
719 3870 742 3915 a
762 3849 861 3916 Fabio
883 3852 1036 3933 occupato
1063 3846 1271 3915 nullomodo

196 3959 330 4027 euadere
350 3962 466 4045 posset,
489 3957 531 4023 ad
551 3956 658 4023 dolum
671 3955 761 4021 illum
781 3955 972 4039 confugIsse3
993 3952 1141 4039 Polybius
1162 3958 1273 4021 autem

196 4065 322 4133 minime
343 4065 376 4130 in
398 4064 496 4129 tantis
511 4064 663 4147 angustiis
677 4062 886 4129 Hannibalem
906 4062 1001 4127 fuisse
1024 4061 1183 4126 existimat
1203 4066 1272 4128 tres

197 4170 387 4254 Campaniae
401 4170 503 4235 exitus
515 4189 583 4234 esse
592 4170 660 4235 fuse
672 4169 843 4253 explanans
853 4171 937 4256 (cap.
949 4169 1017 4253 91),
1026 4166 1082 4233 001
1094 4186 1166 4231 erim
1175 4167 1273 4231 certi-

198 4298 284 4343 orem
294 4276 411 4341 factum
421 4274 597 4359 insequenti
608 4274 660 4339 die
670 4273 802 4340 Fabium
811 4281 849 4341 ut
865 4273 1015 4358 praedam
1025 4271 1159 4355 eriperet
1169 4271 1273 4355 impa-

196 4380 700 4461 tnmfaoturumasse‚uthostium
707 4378 1274 4448 consiliumirritrrmtacerettrandm
