2950 4900
616 367 836 434 ...26-

190 574 333 658 scriptori
362 575 500 653 cuidam,
530 599 622 664 quem
649 579 683 644 in
711 579 772 645 hac
797 581 998 647 1111111111
1024 587 1116 666 parte
1142 584 1265 667 praeci·
1300 656 1303 661 ¹

188 705 285 767 puum
307 687 466 748 auctorem
487 682 600 749 habuit
621 689 654 750 et
676 705 768 772 quem
783 686 961 771 Appianum
982 687 1099 775 (Hanc.
1116 690 1264 777 17-25)

189 797 221 855 et
249 791 403 854 Zonaram
436 790 507 877 (IX,
537 790 572 876 1)
600 797 674 857 ante
703 793 809 858 oculos
836 793 983 860 habuisse
1004 796 1155 879 suspicari
1179 797 1263 875 licet,

188 897 263 983 quia
290 895 412 960 etiamsi
439 916 489 960 res
517 897 677 980 grauiores
697 899 983 982 praetermittentes
1005 907 1061 967 aut
1081 909 1264 986 peruerten-

188 1007 235 1066 tos
257 1001 402 1066 mirificas
425 991 531 1067 autem
553 1002 676 1068 fabulas
698 1002 869 1070 adicientes
891 1007 1015 1092 saepius
1036 1027 1145 1074 ueram
1166 1010 1264 1076 sonus

188 1109 236 1202 sui
262 1108 472 1173 narrationem
505 1109 760 1193 depranauerunt
794 1117 901 1178 tamen
933 1113 1117 1202 plerumque
1150 1115 1190 1182 de
1223 1118 1263 1182 iis

188 1235 269 1303 quae
291 1215 399 1279 Liuius
421 1215 513 1280 ahter
533 1221 628 1304 atque
650 1216 798 1302 Polybius
819 1219 962 1284 narrauit
982 1240 1053 1285 cum
1074 1222 1166 1290 Liuio
1188 1227 1264 1290 oon-

188 1323 335 1387 sentiunt.
380 1321 486 1408 itaque
506 1322 558 1420 hic
587 1329 697 1390 auctor
719 1325 796 1412 quin
817 1319 934 1391 Fabius
955 1326 1062 1392 Pictor
1081 1327 1179 1394 firerit
1198 1351 1263 1394 non

188 1427 318 1492 dubium
339 1428 429 1494 nobis
451 1429 577 1496 indetur
599 1451 735 1498 1111-
752 1432 811 1497 his-
824 1434 974 1517 expositis
996 1435 1039 1500 ad
1060 1437 1263 1502 Plutarchum

187 1537 326 1602 animum
353 1542 580 1606 concertamus.
632 1557 670 1604 ac
696 1547 780 1627 quae
808 1540 919 1605 limus
945 1531 1111 1626 Polybium
1137 1549 1263 1610 secutus

188 1641 371 1726 exphcuisse
399 1643 533 1721 uidetur,
564 1665 672 1710 eorum
699 1644 778 1711 nihil
800 1645 884 1730 apud
905 1645 1109 1715 Plutarchum
1129 1650 1262 1729 inuenio,

187 1773 258 1816 cum
279 1751 318 1814 iis
341 1755 447 1815 autem
462 1772 543 1838 quae
559 1773 576 1816 1
591 1751 690 1818 Fabio
712 1753 819 1818 hausit
840 1752 952 1820 Liuius
972 1755 1039 1820 fere
1060 1739 1166 1821 omnia
1179 1776 1262 1843 quae

187 1857 313 1922 exhibet
340 1857 527 1929 Plutarchus
555 1859 721 1925 concinunt
750 1863 783 1924 et
811 1860 1001 1946 conspirant.
1057 1860 1186 1945 dignum
1213 1869 1264 1928 est

186 1968 430 2030 commemoratu
459 1961 660 2028 Plutarchum
683 1963 721 2028 de
744 1965 882 2049 scipso,
905 1987 966 2053 quo
990 1967 1115 2032 Liuium
1136 1973 1264 2052 praeter

187 2069 350 2153 Polybium
384 2067 518 2134 alterum
550 2069 669 2134 fontem
696 2070 848 2136 habuisse
882 2072 1047 2151 euincitm,
1077 2093 1149 2138 cum
1170 2073 1263 2139 Liuio

187 2175 362 2258 consentire
376 2173 572 2240 uoluentem
606 2175 652 2241 ita
679 2195 816 2242 cornua.
829 2176 1041 2243 Hannibalem
1073 2179 1261 2256 extendisse,

186 2290 222 2348 ut
244 2283 284 2348 ab
307 2287 394 2363 tergo
416 2280 522 2346 hostes
546 2282 843 2348 circumuenirentur
864 2283 925 2369 (Pl.
948 2283 1032 2361 XVI,
1055 2284 1122 2371 15).
1145 2290 1260 2351 strate

186 2409 276 2474 gemo
297 2407 373 2452 uero
395 2385 589 2464 Hannibalis
614 2387 699 2476 quod
721 2387 878 2477 quomodo
900 2395 1062 2473 peractum
1084 2391 1126 2456 sit
1141 2412 1159 2457 e
1177 2392 1262 2494 Inuii

186 2496 318 2561 obscura
345 2498 378 2557 ct
404 2495 554 2577 perplexa
582 2496 761 2562 narratione
790 2518 853 2561 non
881 2498 1093 2579 cognoscitu,
1122 2498 1262 2564 breuiter

186 2609 218 2669 et
240 2600 374 2669 dilucide
403 2602 499 2667 oculis
527 2602 640 2667 subicit
671 2602 868 2680 Plutarchus,
899 2608 936 2667 ut
961 2603 1086 2670 Iiuimn
1113 2606 1179 2670 eius
1202 2627 1260 2670 au-

186 2716 304 2775 ctorem
337 2708 434 2771 suisse
465 2707 595 2790 cogitari
627 2709 682 2772 uix
715 2709 824 2792 possit.
875 2708 938 2773 iam
965 2729 1041 2775 uero
1068 2712 1183 2775 mirum
1211 2717 1261 2775 est

187 2816 388 2881 Plutarchum
402 2814 564 2897 puluerem
578 2836 655 2898 prae
672 2816 783 2879 ceteris
801 2814 978 2885 turbauisse
992 2816 1150 2882 Romanos
1173 2838 1258 2882 com-

186 2920 421 2998 memorauisse,
445 2922 524 2985 ‘oum
552 2920 659 2985 Liuius
688 2922 879 2986 mentionem
906 2922 1032 3008 quidem
1059 2923 1136 2988 facit
1162 2912 1269 3000 uenti,

188 3030 243 3095 sed
271 3029 370 3095 multo
398 3027 548 3093 maiorem
571 3034 706 3111 stragem
728 3028 939 3094 Romanorum
962 3028 1100 3095 effecisse
1121 3030 1260 3094 transfir-

187 3159 241 3221 gas
268 3134 431 3229 Numidas
450 3097 676 3201 eriistimauisse
698 3136 831 3201 uidetur.
876 3137 984 3223 itaque
1007 3137 1060 3225 qui
1074 3136 1164 3201 ¹Liuii
1185 3158 1260 3201 nar-

186 3245 341 3309 rationem
368 3242 571 3325 excerpsisset
605 3243 709 3325 potius
738 3242 824 3306 illam
851 3241 993 3314 taudem
1026 3244 1137 3326 opinor
1165 3263 1262 3329 quam

186 3351 251 3414 uim
279 3348 366 3413 uenti
392 3346 645 3429 praedicauisset.
691 3348 919 3411 consentientes
942 3368 1018 3412 uero
1040 3368 1112 3411 cum
1133 3348 1261 3413 Plutar-

187 3456 245 3521 cho
267 3455 363 3519 etiam
385 3452 546 3536 Appianus
570 3458 602 3516 et
622 3454 761 3518 Zonaras
782 3452 1012 3517 uehementiam
1033 3454 1169 3537 pulueris
1191 3474 1260 3519 ma-

186 3562 259 3627 ioris
286 3561 435 3626 momenti
463 3582 558 3648 quam
586 3566 704 3625 ceteros
733 3558 822 3625 dolos
844 3559 1030 3625 Hannibalis
1054 3582 1131 3649 quos
1153 3561 1260 3644 plures

186 3672 368 3732 enumerant
389 3667 570 3732 aestimasse
593 3665 748 3731 uidentur.
794 3666 913 3731 nullum
931 3666 1064 3754 denique
1092 3668 1260 3750 uestigium

186 3772 270 3858 apud
302 3773 426 3838 Liuium
460 3773 594 3837 occmm't
625 3772 808 3849 uerborum,
844 3792 926 3859 quae
954 3772 1142 3838 Plutarchus
1169 3774 1259 3860 (XV)

185 3878 395 3972 Hannibalem
424 3878 552 3960 Gisguni
582 3878 736 3943 dicentem
762 3878 847 3943 facit.
898 3878 1040 3943 uidemus
1066 3878 1164 3961 igitur
1190 3899 1261 3943 esse

186 3984 299 4071 quibus
322 4006 397 4049 num
420 3984 527 4048 Liuius
549 3983 618 4049 fons
640 3983 801 4048 Plutarchi
822 3984 933 4049 haberi
954 3984 1054 4068 possit
1074 3984 1107 4048 in
1130 3982 1261 4049 dubium

186 4096 324 4175 uocetur,
348 4090 425 4155 nihil
448 4109 523 4155 uero
539 4088 664 4155 obstare
681 4090 845 4177 quominus
866 4088 1000 4154 Fabium
1022 4088 1177 4154 Pictorem
1200 4090 1259 4153 du·

186 4218 252 4261 cem
279 4196 374 4261 fuisse
401 4191 563 4261 Plutarchi
589 4217 752 4280 ponamus.
804 4195 859 4261 sed
884 4200 984 4275 restat
1011 4195 1139 4279 insignis
1162 4195 1258 4274 locus,

185 4322 278 4389 quem
318 4303 492 4389 quaestioni
525 4307 650 4367 nostrae
683 4302 786 4367 lucem
819 4302 957 4389 aliquam
986 4301 1155 4367 allatmum
1190 4323 1260 4369 esse

185 4426 353 4490 speramus.
398 4431 470 4473 nam
504 4415 670 4497 postquam
696 4401 882 4475 Plutarchus
910 4428 1011 4497 aeque
1034 4429 1071 4472 ac
1092 4408 1201 4473 Liuius
1225 4415 1258 4473 et
