<?xml version="1.0" encoding="UTF-8"?>
<!DOCTYPE html PUBLIC "-//W3C//DTD XHTML 1.0 Transitional//EN"
    "http://www.w3.org/TR/xhtml1/DTD/xhtml1-transitional.dtd">
<html xmlns="http://www.w3.org/1999/xhtml" xml:lang="en" lang="en">
 <head>
  <title>
</title>
<meta http-equiv="Content-Type" content="text/html;charset=utf-8" />
  <meta name='ocr-system' content='tesseract 3.04.00' />
  <meta name='ocr-capabilities' content='ocr_page ocr_carea ocr_par ocr_line ocrx_word'/>
</head>
<body>
  <div class='ocr_page' id='page_1' title='image "./quibusfontibusp00buchgoog_0049.png"; bbox 0 0 2950 4900; ppageno 0'>
   <div class='ocr_carea' id='block_1_1' title="bbox 611 350 969 452">
    <p class='ocr_par' dir='ltr' id='par_1_1' title="bbox 611 350 969 452">
     <span class='ocr_line' id='line_1_1' title="bbox 611 350 969 452; baseline -0.003 -38"><span class='ocrx_word' id='word_1_1' title='bbox 611 369 678 452; x_wconf 24' lang='lat'>¹-·</span> <span class='ocrx_word' id='word_1_2' title='bbox 723 350 969 414; x_wconf 42' lang='lat'><strong>41-1.</strong></span> 
     </span>
    </p>
   </div>
   <div class='ocr_carea' id='block_1_2' title="bbox 207 559 1381 1281">
    <p class='ocr_par' dir='ltr' id='par_1_2' title="bbox 207 559 1381 1281">
     <span class='ocr_line' id='line_1_2' title="bbox 207 559 1334 648; baseline 0 -19"><span class='ocrx_word' id='word_1_3' title='bbox 207 564 326 629; x_wconf 76' lang='lat' dir='ltr'>extant.</span> <span class='ocrx_word' id='word_1_4' title='bbox 364 559 472 625; x_wconf 88' lang='lat' dir='ltr'>Liuius</span> <span class='ocrx_word' id='word_1_5' title='bbox 506 559 590 624; x_wconf 90' lang='lat' dir='ltr'>enim</span> <span class='ocrx_word' id='word_1_6' title='bbox 622 559 775 648; x_wconf 85' lang='lat' dir='ltr'>(XXVII,</span> <span class='ocrx_word' id='word_1_7' title='bbox 809 561 863 638; x_wconf 82' lang='lat'>13,</span> <span class='ocrx_word' id='word_1_8' title='bbox 898 561 956 645; x_wconf 92' lang='grc'>11)</span> <span class='ocrx_word' id='word_1_9' title='bbox 983 559 1079 626; x_wconf 79' lang='lat' dir='ltr'>refert</span> <span class='ocrx_word' id='word_1_10' title='bbox 1099 561 1283 629; x_wconf 84' lang='lat' dir='ltr'>Marcellum</span> <span class='ocrx_word' id='word_1_11' title='bbox 1307 575 1334 647; x_wconf 78' lang='lat' dir='ltr'><em>s</em></span> 
     </span>
     <span class='ocr_line' id='line_1_3' title="bbox 207 665 1282 753; baseline 0.002 -21"><span class='ocrx_word' id='word_1_12' title='bbox 207 666 427 753; x_wconf 75' lang='lat' dir='ltr'>pronuntiasse</span> <span class='ocrx_word' id='word_1_13' title='bbox 460 687 493 732; x_wconf 91' lang='lat' dir='ltr'>se</span> <span class='ocrx_word' id='word_1_14' title='bbox 528 666 670 731; x_wconf 81' lang='lat' dir='ltr'>cohortes</span> <span class='ocrx_word' id='word_1_15' title='bbox 705 688 724 731; x_wconf 92' lang='lat' dir='ltr'>a</span> <span class='ocrx_word' id='word_1_16' title='bbox 758 666 870 750; x_wconf 89' lang='lat' dir='ltr'>quibus</span> <span class='ocrx_word' id='word_1_17' title='bbox 904 665 980 749; x_wconf 75' lang='lat' dir='ltr'>firgo</span> <span class='ocrx_word' id='word_1_18' title='bbox 1000 672 1071 730; x_wconf 84' lang='lat' dir='ltr'>orta</span> <span class='ocrx_word' id='word_1_19' title='bbox 1092 673 1176 732; x_wconf 88' lang='lat' dir='ltr'>esset</span> <span class='ocrx_word' id='word_1_20' title='bbox 1197 670 1282 734; x_wconf 91' lang='lat' dir='ltr'>inse-</span> 
     </span>
     <span class='ocr_line' id='line_1_4' title="bbox 208 771 1282 859; baseline 0.002 -21"><span class='ocrx_word' id='word_1_21' title='bbox 208 773 318 857; x_wconf 79' lang='lat' dir='ltr'><strong>quenti</strong></span> <span class='ocrx_word' id='word_1_22' title='bbox 340 771 390 836; x_wconf 86' lang='lat' dir='ltr'>die</span> <span class='ocrx_word' id='word_1_23' title='bbox 411 772 445 839; x_wconf 90' lang='lat' dir='ltr'>in</span> <span class='ocrx_word' id='word_1_24' title='bbox 466 773 599 857; x_wconf 83' lang='lat' dir='ltr'><strong>primam</strong></span> <span class='ocrx_word' id='word_1_25' title='bbox 622 773 721 838; x_wconf 88' lang='lat' dir='ltr'>aciem</span> <span class='ocrx_word' id='word_1_26' title='bbox 740 771 941 837; x_wconf 88' lang='lat' dir='ltr'>inducturum</span> <span class='ocrx_word' id='word_1_27' title='bbox 962 792 1041 848; x_wconf 89' lang='lat' dir='ltr'>esse,</span> <span class='ocrx_word' id='word_1_28' title='bbox 1064 793 1135 840; x_wconf 91' lang='lat' dir='ltr'>cum</span> <span class='ocrx_word' id='word_1_29' title='bbox 1153 773 1282 859; x_wconf 88' lang='lat' dir='ltr'>Plutar-</span> 
     </span>
     <span class='ocr_line' id='line_1_5' title="bbox 208 869 1282 966; baseline 0 -21"><span class='ocrx_word' id='word_1_30' title='bbox 208 869 287 946; x_wconf 86' lang='lat' dir='ltr'>chus</span> <span class='ocrx_word' id='word_1_31' title='bbox 315 879 444 966; x_wconf 81' lang='lat' dir='ltr'>(XXVI,</span> <span class='ocrx_word' id='word_1_32' title='bbox 473 879 509 964; x_wconf 82' lang='lat'>2)</span> <span class='ocrx_word' id='word_1_33' title='bbox 536 879 620 963; x_wconf 88' lang='lat' dir='ltr'>ipsas</span> <span class='ocrx_word' id='word_1_34' title='bbox 648 877 793 944; x_wconf 82' lang='lat' dir='ltr'>cohortes</span> <span class='ocrx_word' id='word_1_35' title='bbox 821 879 958 944; x_wconf 84' lang='lat' dir='ltr'>creuisse</span> <span class='ocrx_word' id='word_1_36' title='bbox 985 878 1169 944; x_wconf 86' lang='lat' dir='ltr'>Marcellum</span> <span class='ocrx_word' id='word_1_37' title='bbox 1190 881 1282 946; x_wconf 87' lang='lat' dir='ltr'>utin</span> 
     </span>
     <span class='ocr_line' id='line_1_6' title="bbox 208 983 1381 1071; baseline -0.001 -18"><span class='ocrx_word' id='word_1_38' title='bbox 208 986 311 1069; x_wconf 85' lang='lat' dir='ltr'>prima</span> <span class='ocrx_word' id='word_1_39' title='bbox 333 985 400 1049; x_wconf 84' lang='lat' dir='ltr'>acie</span> <span class='ocrx_word' id='word_1_40' title='bbox 422 985 684 1050; x_wconf 78' lang='lat' dir='ltr'>constituerentur</span> <span class='ocrx_word' id='word_1_41' title='bbox 706 983 790 1050; x_wconf 80' lang='lat' dir='ltr'>(licit.</span> <span class='ocrx_word' id='word_1_42' title='bbox 813 989 978 1067; x_wconf 85' lang='lat' dir='ltr'>praeterea</span> <span class='ocrx_word' id='word_1_43' title='bbox 1000 984 1186 1050; x_wconf 75' lang='lat' dir='ltr'>Plutarchus</span> <span class='ocrx_word' id='word_1_44' title='bbox 1207 1009 1281 1071; x_wconf 87' lang='lat' dir='ltr'>pro-</span> <span class='ocrx_word' id='word_1_45' title='bbox 1376 1020 1381 1028; x_wconf 77' lang='lat'><em>,</em></span> 
     </span>
     <span class='ocr_line' id='line_1_7' title="bbox 211 1089 1282 1176; baseline 0.001 -20"><span class='ocrx_word' id='word_1_46' title='bbox 211 1092 260 1156; x_wconf 90' lang='lat' dir='ltr'>dit</span> <span class='ocrx_word' id='word_1_47' title='bbox 270 1091 461 1168; x_wconf 88' lang='lat' dir='ltr'>Marcellum,</span> <span class='ocrx_word' id='word_1_48' title='bbox 480 1111 550 1155; x_wconf 90' lang='lat' dir='ltr'>cum</span> <span class='ocrx_word' id='word_1_49' title='bbox 564 1089 765 1176; x_wconf 84' lang='lat' dir='ltr'>profligatum</span> <span class='ocrx_word' id='word_1_50' title='bbox 776 1091 869 1154; x_wconf 89' lang='lat' dir='ltr'>tertio</span> <span class='ocrx_word' id='word_1_51' title='bbox 881 1089 932 1154; x_wconf 77' lang='lat' dir='ltr'>(lie</span> <span class='ocrx_word' id='word_1_52' title='bbox 942 1089 1151 1156; x_wconf 86' lang='lat' dir='ltr'>Hannibalem</span> <span class='ocrx_word' id='word_1_53' title='bbox 1162 1094 1282 1174; x_wconf 90' lang='lat' dir='ltr'>quomi-</span> 
     </span>
     <span class='ocr_line' id='line_1_8' title="bbox 212 1195 1282 1281; baseline 0.001 -19"><span class='ocrx_word' id='word_1_54' title='bbox 212 1217 273 1262; x_wconf 89' lang='lat' dir='ltr'>nus</span> <span class='ocrx_word' id='word_1_55' title='bbox 296 1218 314 1260; x_wconf 91' lang='lat' dir='ltr'>e</span> <span class='ocrx_word' id='word_1_56' title='bbox 336 1196 467 1278; x_wconf 81' lang='lat' dir='ltr'>uestigio</span> <span class='ocrx_word' id='word_1_57' title='bbox 489 1196 706 1280; x_wconf 79' lang='lat' dir='ltr'>insequeretur</span> <span class='ocrx_word' id='word_1_58' title='bbox 730 1195 929 1263; x_wconf 87' lang='lat' dir='ltr'>multitudine</span> <span class='ocrx_word' id='word_1_59' title='bbox 951 1195 1127 1261; x_wconf 67' lang='lat' dir='ltr'>sannorum</span> <span class='ocrx_word' id='word_1_60' title='bbox 1150 1197 1282 1281; x_wconf 86' lang='lat' dir='ltr'>impedi-</span> 
     </span>
    </p>
   </div>
   <div class='ocr_carea' id='block_1_3' title="bbox 209 1299 1380 4465">
    <p class='ocr_par' dir='ltr' id='par_1_3' title="bbox 209 1299 1336 3283">
     <span class='ocr_line' id='line_1_9' title="bbox 210 1299 1336 1389; baseline 0.004 -21"><span class='ocrx_word' id='word_1_61' title='bbox 210 1308 308 1380; x_wconf 84' lang='lat' dir='ltr'>retur,</span> <span class='ocrx_word' id='word_1_62' title='bbox 330 1302 415 1368; x_wconf 88' lang='lat' dir='ltr'>lente</span> <span class='ocrx_word' id='word_1_63' title='bbox 436 1301 469 1366; x_wconf 92' lang='lat' dir='ltr'>in</span> <span class='ocrx_word' id='word_1_64' title='bbox 492 1299 695 1386; x_wconf 79' lang='lat' dir='ltr'>Campaniam</span> <span class='ocrx_word' id='word_1_65' title='bbox 717 1301 843 1380; x_wconf 85' lang='lat' dir='ltr'>duxisse</span> <span class='ocrx_word' id='word_1_66' title='bbox 866 1301 995 1389; x_wconf 79' lang='lat' dir='ltr'><strong>(XXVI,</strong></span> <span class='ocrx_word' id='word_1_67' title='bbox 1018 1302 1077 1386; x_wconf 75' lang='lat'>27)</span> <span class='ocrx_word' id='word_1_68' title='bbox 1099 1301 1282 1368; x_wconf 83' lang='lat' dir='ltr'>Sinuessae·</span> <span class='ocrx_word' id='word_1_69' title='bbox 1307 1305 1336 1373; x_wconf 77' lang='lat' dir='ltr'><em>l</em></span> 
     </span>
     <span class='ocr_line' id='line_1_10' title="bbox 210 1405 1284 1497; baseline -0.001 -22"><span class='ocrx_word' id='word_1_70' title='bbox 210 1430 275 1497; x_wconf 89' lang='lat' dir='ltr'>que</span> <span class='ocrx_word' id='word_1_71' title='bbox 297 1410 417 1474; x_wconf 88' lang='lat' dir='ltr'>aestiua</span> <span class='ocrx_word' id='word_1_72' title='bbox 440 1409 607 1492; x_wconf 75' lang='lat' dir='ltr'>egissent</span> <span class='ocrx_word' id='word_1_73' title='bbox 634 1405 815 1474; x_wconf 82' lang='lat' dir='ltr'>debilitatae</span> <span class='ocrx_word' id='word_1_74' title='bbox 842 1414 891 1474; x_wconf 90' lang='lat' dir='ltr'>tot</span> <span class='ocrx_word' id='word_1_75' title='bbox 912 1406 1071 1474; x_wconf 83' lang='lat' dir='ltr'>laboribus</span> <span class='ocrx_word' id='word_1_76' title='bbox 1094 1429 1132 1474; x_wconf 84' lang='lat' dir='ltr'>ae</span> <span class='ocrx_word' id='word_1_77' title='bbox 1146 1410 1284 1474; x_wconf 87' lang='lat' dir='ltr'>uulneri-</span> 
     </span>
     <span class='ocr_line' id='line_1_11' title="bbox 209 1514 1283 1602; baseline -0.004 -16"><span class='ocrx_word' id='word_1_78' title='bbox 209 1519 273 1586; x_wconf 92' lang='lat' dir='ltr'>bus</span> <span class='ocrx_word' id='word_1_79' title='bbox 294 1518 428 1582; x_wconf 89' lang='lat' dir='ltr'>militum</span> <span class='ocrx_word' id='word_1_80' title='bbox 449 1517 532 1580; x_wconf 88' lang='lat' dir='ltr'>uires</span> <span class='ocrx_word' id='word_1_81' title='bbox 554 1515 763 1582; x_wconf 88' lang='lat' dir='ltr'>reficerentur.</span> <span class='ocrx_word' id='word_1_82' title='bbox 786 1521 882 1599; x_wconf 87' lang='lat' dir='ltr'>atque</span> <span class='ocrx_word' id='word_1_83' title='bbox 897 1537 996 1599; x_wconf 87' lang='lat' dir='ltr'>aquas</span> <span class='ocrx_word' id='word_1_84' title='bbox 1011 1514 1215 1580; x_wconf 85' lang='lat' dir='ltr'>Sinuessanas</span> <span class='ocrx_word' id='word_1_85' title='bbox 1231 1517 1283 1602; x_wconf 85' lang='lat' dir='ltr'>(cf.</span> 
     </span>
     <span class='ocr_line' id='line_1_12' title="bbox 211 1622 1284 1710; baseline -0.001 -22"><span class='ocrx_word' id='word_1_86' title='bbox 211 1623 283 1688; x_wconf 90' lang='lat' dir='ltr'>Liu.</span> <span class='ocrx_word' id='word_1_87' title='bbox 306 1623 406 1700; x_wconf 87' lang='lat' dir='ltr'>XXH,</span> <span class='ocrx_word' id='word_1_88' title='bbox 435 1624 487 1700; x_wconf 85' lang='lat'>13,</span> <span class='ocrx_word' id='word_1_89' title='bbox 518 1623 574 1710; x_wconf 86' lang='lat'>10)</span> <span class='ocrx_word' id='word_1_90' title='bbox 603 1623 688 1688; x_wconf 87' lang='lat' dir='ltr'>haud</span> <span class='ocrx_word' id='word_1_91' title='bbox 720 1622 817 1688; x_wconf 89' lang='lat' dir='ltr'>dubie</span> <span class='ocrx_word' id='word_1_92' title='bbox 837 1624 871 1688; x_wconf 94' lang='lat' dir='ltr'>in</span> <span class='ocrx_word' id='word_1_93' title='bbox 893 1624 1069 1707; x_wconf 87' lang='lat' dir='ltr'>insequenti</span> <span class='ocrx_word' id='word_1_94' title='bbox 1091 1624 1193 1707; x_wconf 84' lang='lat' dir='ltr'>capite</span> <span class='ocrx_word' id='word_1_95' title='bbox 1214 1644 1284 1710; x_wconf 78' lang='lat' dir='ltr'>rnr-</span> 
     </span>
     <span class='ocr_line' id='line_1_13' title="bbox 211 1729 1284 1812; baseline 0.002 -18"><span class='ocrx_word' id='word_1_96' title='bbox 211 1751 268 1796; x_wconf 86' lang='lat' dir='ltr'>sus</span> <span class='ocrx_word' id='word_1_97' title='bbox 290 1729 451 1812; x_wconf 85' lang='lat' dir='ltr'>significat,</span> <span class='ocrx_word' id='word_1_98' title='bbox 475 1751 546 1794; x_wconf 91' lang='lat' dir='ltr'>cum</span> <span class='ocrx_word' id='word_1_99' title='bbox 567 1729 743 1795; x_wconf 84' lang='lat' dir='ltr'>Publicium</span> <span class='ocrx_word' id='word_1_100' title='bbox 756 1729 913 1807; x_wconf 83' lang='lat' dir='ltr'>Bibulum,</span> <span class='ocrx_word' id='word_1_101' title='bbox 929 1729 1070 1796; x_wconf 86' lang='lat' dir='ltr'>Marcelli</span> <span class='ocrx_word' id='word_1_102' title='bbox 1093 1729 1284 1796; x_wconf 87' lang='lat' dir='ltr'>obtrectato-</span> 
     </span>
     <span class='ocr_line' id='line_1_14' title="bbox 211 1833 1283 1925; baseline 0.002 -25"><span class='ocrx_word' id='word_1_103' title='bbox 211 1857 290 1912; x_wconf 88' lang='lat' dir='ltr'>rem,</span> <span class='ocrx_word' id='word_1_104' title='bbox 313 1836 543 1900; x_wconf 77' lang='lat' dir='ltr'>contionantem</span> <span class='ocrx_word' id='word_1_105' title='bbox 565 1834 656 1900; x_wconf 84' lang='lat' dir='ltr'>facit:</span> <span class='ocrx_word' id='word_1_106' title='bbox 702 1833 773 1902; x_wconf 78' lang='grc' dir='ltr'>ἐπεὶ</span> <span class='ocrx_word' id='word_1_107' title='bbox 804 1833 995 1922; x_wconf 82' lang='grc' dir='ltr'><strong><em>Μάρκελλος</em></strong></span> <span class='ocrx_word' id='word_1_108' title='bbox 1026 1833 1122 1923; x_wconf 80' lang='grc' dir='ltr'><strong><em>μικρὰ</em></strong></span> <span class='ocrx_word' id='word_1_109' title='bbox 1149 1838 1193 1925; x_wconf 76' lang='grc' dir='ltr'>τῷ</span> <span class='ocrx_word' id='word_1_110' title='bbox 1224 1861 1283 1905; x_wconf 83' lang='grc' dir='ltr'>πο-</span> 
     </span>
     <span class='ocr_line' id='line_1_15' title="bbox 211 1937 1287 2029; baseline 0.001 -21"><span class='ocrx_word' id='word_1_111' title='bbox 211 1945 302 2029; x_wconf 79' lang='grc' dir='ltr'><strong><em>λέμῳ</em></strong></span> <span class='ocrx_word' id='word_1_112' title='bbox 332 1945 669 2026; x_wconf 68' lang='grc' dir='ltr'><strong><em>προσγεγυμνασμένος</em></strong></span> <span class='ocrx_word' id='word_1_113' title='bbox 692 1937 799 2024; x_wconf 74' lang='grc' dir='ltr'><strong><em>ὥσπερ</em></strong></span> <span class='ocrx_word' id='word_1_114' title='bbox 827 1939 863 2006; x_wconf 82' lang='grc' dir='ltr'>ἐκ</span> <span class='ocrx_word' id='word_1_115' title='bbox 884 1942 1080 2026; x_wconf 79' lang='grc' dir='ltr'><strong><em>παλαίστρας</em></strong></span> <span class='ocrx_word' id='word_1_116' title='bbox 1102 1940 1156 2008; x_wconf 75' lang='grc' dir='ltr'>ἐπὶ</span> <span class='ocrx_word' id='word_1_117' title='bbox 1176 1941 1287 2029; x_wconf 73' lang='grc' dir='ltr'><strong><em>θερμὰ</em></strong></span> 
     </span>
     <span class='ocr_line' id='line_1_16' title="bbox 209 2043 1287 2134; baseline -0.001 -20"><span class='ocrx_word' id='word_1_118' title='bbox 209 2043 331 2134; x_wconf 71' lang='grc' dir='ltr'><strong><em>λουτρὰ</em></strong></span> <span class='ocrx_word' id='word_1_119' title='bbox 352 2045 567 2133; x_wconf 74' lang='grc' dir='ltr'><strong><em>θεραπεύσων</em></strong></span> <span class='ocrx_word' id='word_1_120' title='bbox 590 2044 705 2114; x_wconf 78' lang='grc' dir='ltr'><strong><em>ἑαυτὸν</em></strong></span> <span class='ocrx_word' id='word_1_121' title='bbox 733 2050 908 2132; x_wconf 66' lang='grc' dir='ltr'><strong><em>τέτραπται.</em></strong></span> <span class='ocrx_word' id='word_1_122' title='bbox 960 2052 1070 2112; x_wconf 78' lang='lat' dir='ltr'>conta</span> <span class='ocrx_word' id='word_1_123' title='bbox 1091 2047 1200 2112; x_wconf 89' lang='lat' dir='ltr'>Liuius</span> <span class='ocrx_word' id='word_1_124' title='bbox 1221 2069 1287 2114; x_wconf 90' lang='lat' dir='ltr'>me·</span> 
     </span>
     <span class='ocr_line' id='line_1_17' title="bbox 210 2138 1286 2238; baseline -0.003 -18"><span class='ocrx_word' id='word_1_125' title='bbox 210 2158 328 2222; x_wconf 82' lang='lat' dir='ltr'>morat¹</span> <span class='ocrx_word' id='word_1_126' title='bbox 345 2173 408 2218; x_wconf 91' lang='lat' dir='ltr'>non</span> <span class='ocrx_word' id='word_1_127' title='bbox 437 2153 533 2218; x_wconf 90' lang='lat' dir='ltr'>semel</span> <span class='ocrx_word' id='word_1_128' title='bbox 562 2151 617 2217; x_wconf 88' lang='lat' dir='ltr'>sed</span> <span class='ocrx_word' id='word_1_129' title='bbox 639 2153 746 2218; x_wconf 86' lang='lat' dir='ltr'>multis</span> <span class='ocrx_word' id='word_1_130' title='bbox 768 2152 845 2218; x_wconf 87' lang='lat' dir='ltr'>locis</span> <span class='ocrx_word' id='word_1_131' title='bbox 867 2138 1077 2238; x_wconf 70' lang='lat' dir='ltr'>(mnae</span> <span class='ocrx_word' id='word_1_132' title='bbox 1099 2157 1128 2236; x_wconf 62' lang='grc' dir='ltr'>ξ.</span> <span class='ocrx_word' id='word_1_133' title='bbox 1152 2153 1205 2230; x_wconf 91' lang='grc'>10,</span> <span class='ocrx_word' id='word_1_134' title='bbox 1228 2155 1270 2217; x_wconf 84' lang='grc'>12</span> <span class='ocrx_word' id='word_1_135' title='bbox 1277 2179 1286 2230; x_wconf 92' lang='lat'>;</span> 
     </span>
     <span class='ocr_line' id='line_1_18' title="bbox 210 2257 1286 2354; baseline -0.003 -27"><span class='ocrx_word' id='word_1_136' title='bbox 210 2261 256 2328; x_wconf 80' lang='grc'>21</span> <span class='ocrx_word' id='word_1_137' title='bbox 281 2265 310 2343; x_wconf 66' lang='grc' dir='ltr'>ξ.</span> <span class='ocrx_word' id='word_1_138' title='bbox 333 2260 364 2336; x_wconf 86' lang='grc'>3,</span> <span class='ocrx_word' id='word_1_139' title='bbox 390 2259 425 2336; x_wconf 81' lang='grc'>7;</span> <span class='ocrx_word' id='word_1_140' title='bbox 451 2259 503 2324; x_wconf 21' lang='grc'>122</span> <span class='ocrx_word' id='word_1_141' title='bbox 525 2263 554 2341; x_wconf 68' lang='lat'>5.</span> <span class='ocrx_word' id='word_1_142' title='bbox 577 2259 615 2335; x_wconf 80' lang='lat'>2;</span> <span class='ocrx_word' id='word_1_143' title='bbox 643 2257 737 2354; x_wconf 52' lang='lat'>255.</span> <span class='ocrx_word' id='word_1_144' title='bbox 762 2258 896 2343; x_wconf 80' lang='lat'>10,.12)</span> <span class='ocrx_word' id='word_1_145' title='bbox 924 2259 1107 2324; x_wconf 85' lang='lat' dir='ltr'>Marcellum</span> <span class='ocrx_word' id='word_1_146' title='bbox 1136 2259 1170 2324; x_wconf 90' lang='lat' dir='ltr'>iu</span> <span class='ocrx_word' id='word_1_147' title='bbox 1200 2264 1286 2324; x_wconf 88' lang='lat' dir='ltr'>tecta</span> 
     </span>
     <span class='ocr_line' id='line_1_19' title="bbox 211 2363 1289 2451; baseline -0.001 -20"><span class='ocrx_word' id='word_1_148' title='bbox 211 2366 370 2432; x_wconf 81' lang='lat' dir='ltr'>Venusiae</span> <span class='ocrx_word' id='word_1_149' title='bbox 398 2365 569 2430; x_wconf 87' lang='lat' dir='ltr'>exercitum</span> <span class='ocrx_word' id='word_1_150' title='bbox 595 2363 772 2449; x_wconf 67' lang='lat' dir='ltr'>abduxisse.</span> <span class='ocrx_word' id='word_1_151' title='bbox 823 2363 912 2429; x_wconf 89' lang='lat' dir='ltr'>uides</span> <span class='ocrx_word' id='word_1_152' title='bbox 944 2365 1041 2448; x_wconf 87' lang='lat' dir='ltr'>igitur</span> <span class='ocrx_word' id='word_1_153' title='bbox 1073 2386 1175 2449; x_wconf 89' lang='lat' dir='ltr'>neque</span> <span class='ocrx_word' id='word_1_154' title='bbox 1203 2364 1289 2451; x_wconf 86' lang='lat' dir='ltr'>apud</span> 
     </span>
     <span class='ocr_line' id='line_1_20' title="bbox 210 2471 1288 2556; baseline -0.001 -17"><span class='ocrx_word' id='word_1_155' title='bbox 210 2471 418 2541; x_wconf 77' lang='lat' dir='ltr'>Plutarchum</span> <span class='ocrx_word' id='word_1_156' title='bbox 439 2490 541 2555; x_wconf 90' lang='lat' dir='ltr'>neque</span> <span class='ocrx_word' id='word_1_157' title='bbox 562 2471 655 2556; x_wconf 86' lang='lat' dir='ltr'>apud</span> <span class='ocrx_word' id='word_1_158' title='bbox 677 2472 803 2537; x_wconf 90' lang='lat' dir='ltr'>Liuium</span> <span class='ocrx_word' id='word_1_159' title='bbox 824 2492 939 2537; x_wconf 90' lang='lat' dir='ltr'>nomen</span> <span class='ocrx_word' id='word_1_160' title='bbox 960 2472 1045 2537; x_wconf 88' lang='lat' dir='ltr'>urbis</span> <span class='ocrx_word' id='word_1_161' title='bbox 1067 2493 1159 2556; x_wconf 89' lang='lat' dir='ltr'>posse</span> <span class='ocrx_word' id='word_1_162' title='bbox 1181 2494 1288 2539; x_wconf 89' lang='lat' dir='ltr'>corru-</span> 
     </span>
     <span class='ocr_line' id='line_1_21' title="bbox 211 2577 1290 2664; baseline 0 -19"><span class='ocrx_word' id='word_1_163' title='bbox 211 2584 307 2664; x_wconf 87' lang='lat' dir='ltr'>ptum</span> <span class='ocrx_word' id='word_1_164' title='bbox 334 2598 416 2655; x_wconf 91' lang='lat' dir='ltr'>esse,</span> <span class='ocrx_word' id='word_1_165' title='bbox 445 2577 513 2643; x_wconf 87' lang='lat' dir='ltr'>fieri</span> <span class='ocrx_word' id='word_1_166' title='bbox 541 2583 648 2643; x_wconf 87' lang='lat' dir='ltr'>autem</span> <span class='ocrx_word' id='word_1_167' title='bbox 675 2599 741 2643; x_wconf 92' lang='lat' dir='ltr'>non</span> <span class='ocrx_word' id='word_1_168' title='bbox 767 2578 907 2661; x_wconf 88' lang='lat' dir='ltr'>potuisse</span> <span class='ocrx_word' id='word_1_169' title='bbox 935 2582 971 2641; x_wconf 89' lang='lat' dir='ltr'>ut</span> <span class='ocrx_word' id='word_1_170' title='bbox 992 2577 1180 2645; x_wconf 88' lang='lat' dir='ltr'>Plutarchus</span> <span class='ocrx_word' id='word_1_171' title='bbox 1201 2580 1248 2645; x_wconf 82' lang='lat' dir='ltr'>ita</span> <span class='ocrx_word' id='word_1_172' title='bbox 1269 2601 1290 2644; x_wconf 86' lang='lat' dir='ltr'>a</span> 
     </span>
     <span class='ocr_line' id='line_1_22' title="bbox 212 2682 1289 2768; baseline 0 -18"><span class='ocrx_word' id='word_1_173' title='bbox 212 2685 309 2751; x_wconf 90' lang='lat' dir='ltr'>Liuio</span> <span class='ocrx_word' id='word_1_174' title='bbox 341 2682 529 2762; x_wconf 87' lang='lat' dir='ltr'>discederet,</span> <span class='ocrx_word' id='word_1_175' title='bbox 563 2685 590 2749; x_wconf 93' lang='lat' dir='ltr'>si</span> <span class='ocrx_word' id='word_1_176' title='bbox 617 2689 770 2768; x_wconf 86' lang='lat' dir='ltr'>perpetuo</span> <span class='ocrx_word' id='word_1_177' title='bbox 804 2706 876 2749; x_wconf 90' lang='lat' dir='ltr'>eum</span> <span class='ocrx_word' id='word_1_178' title='bbox 897 2689 971 2749; x_wconf 84' lang='lat' dir='ltr'>aute</span> <span class='ocrx_word' id='word_1_179' title='bbox 993 2684 1098 2749; x_wconf 92' lang='lat' dir='ltr'>oculos</span> <span class='ocrx_word' id='word_1_180' title='bbox 1120 2685 1289 2753; x_wconf 85' lang='lat' dir='ltr'>habuisset.</span> 
     </span>
     <span class='ocr_line' id='line_1_23' title="bbox 212 2789 1289 2874; baseline -0.001 -17"><span class='ocrx_word' id='word_1_181' title='bbox 212 2790 422 2874; x_wconf 84' lang='lat' dir='ltr'>haecomnia</span> <span class='ocrx_word' id='word_1_182' title='bbox 437 2790 464 2854; x_wconf 89' lang='lat' dir='ltr'>si</span> <span class='ocrx_word' id='word_1_183' title='bbox 478 2794 581 2855; x_wconf 85' lang='lat' dir='ltr'>tecum</span> <span class='ocrx_word' id='word_1_184' title='bbox 602 2790 807 2874; x_wconf 88' lang='lat' dir='ltr'>reputaueris,</span> <span class='ocrx_word' id='word_1_185' title='bbox 830 2789 921 2854; x_wconf 87' lang='lat' dir='ltr'>huius</span> <span class='ocrx_word' id='word_1_186' title='bbox 944 2790 1043 2874; x_wconf 87' lang='lat' dir='ltr'>partis</span> <span class='ocrx_word' id='word_1_187' title='bbox 1061 2790 1155 2869; x_wconf 87' lang='lat' dir='ltr'>uitae,</span> <span class='ocrx_word' id='word_1_188' title='bbox 1179 2812 1289 2874; x_wconf 87' lang='lat' dir='ltr'>quam-</span> 
     </span>
     <span class='ocr_line' id='line_1_24' title="bbox 214 2887 1290 2981; baseline 0.001 -21"><span class='ocrx_word' id='word_1_189' title='bbox 214 2917 314 2981; x_wconf 88' lang='lat' dir='ltr'>quam</span> <span class='ocrx_word' id='word_1_190' title='bbox 335 2895 400 2961; x_wconf 89' lang='lat' dir='ltr'>fere</span> <span class='ocrx_word' id='word_1_191' title='bbox 422 2895 527 2961; x_wconf 90' lang='lat' dir='ltr'>omnia</span> <span class='ocrx_word' id='word_1_192' title='bbox 548 2896 715 2961; x_wconf 90' lang='lat' dir='ltr'>concinunt</span> <span class='ocrx_word' id='word_1_193' title='bbox 737 2894 924 2973; x_wconf 70' lang='lat' dir='ltr'>cumhinc,</span> <span class='ocrx_word' id='word_1_194' title='bbox 945 2887 1065 2960; x_wconf 82' lang='lat' dir='ltr'>sontem</span> <span class='ocrx_word' id='word_1_195' title='bbox 1087 2896 1191 2980; x_wconf 88' lang='lat' dir='ltr'>potius</span> <span class='ocrx_word' id='word_1_196' title='bbox 1213 2918 1290 2961; x_wconf 87' lang='lat' dir='ltr'>enn-</span> 
     </span>
     <span class='ocr_line' id='line_1_25' title="bbox 214 2997 1289 3094; baseline -0.002 -25"><span class='ocrx_word' id='word_1_197' title='bbox 214 3003 291 3071; x_wconf 90' lang='lat' dir='ltr'>dem</span> <span class='ocrx_word' id='word_1_198' title='bbox 312 3007 473 3067; x_wconf 85' lang='lat' dir='ltr'>auctorem</span> <span class='ocrx_word' id='word_1_199' title='bbox 494 3023 557 3085; x_wconf 92' lang='lat' dir='ltr'>quo</span> <span class='ocrx_word' id='word_1_200' title='bbox 580 3002 675 3067; x_wconf 90' lang='lat' dir='ltr'>etiam</span> <span class='ocrx_word' id='word_1_201' title='bbox 696 2998 806 3066; x_wconf 82' lang='lat' dir='ltr'>Liuius</span> <span class='ocrx_word' id='word_1_202' title='bbox 827 3023 902 3068; x_wconf 90' lang='lat' dir='ltr'>usus</span> <span class='ocrx_word' id='word_1_203' title='bbox 926 3008 974 3067; x_wconf 89' lang='lat' dir='ltr'>est</span> <span class='ocrx_word' id='word_1_204' title='bbox 995 3022 1091 3085; x_wconf 88' lang='lat' dir='ltr'>quam</span> <span class='ocrx_word' id='word_1_205' title='bbox 1112 3002 1215 3094; x_wconf 85' lang='lat' dir='ltr'>ipsum</span> <span class='ocrx_word' id='word_1_206' title='bbox 1235 2997 1289 3067; x_wconf 86' lang='lat' dir='ltr'>Li-</span> 
     </span>
     <span class='ocr_line' id='line_1_26' title="bbox 214 3106 1289 3184; baseline -0.001 -11"><span class='ocrx_word' id='word_1_207' title='bbox 214 3109 305 3173; x_wconf 91' lang='lat' dir='ltr'>uium</span> <span class='ocrx_word' id='word_1_208' title='bbox 331 3106 436 3184; x_wconf 81' lang='lat' dir='ltr'>finisse,</span> <span class='ocrx_word' id='word_1_209' title='bbox 465 3106 552 3170; x_wconf 85' lang='lat' dir='ltr'>illam</span> <span class='ocrx_word' id='word_1_210' title='bbox 578 3126 653 3181; x_wconf 88' lang='lat' dir='ltr'>uero</span> <span class='ocrx_word' id='word_1_211' title='bbox 681 3106 764 3172; x_wconf 90' lang='lat' dir='ltr'>Liuii</span> <span class='ocrx_word' id='word_1_212' title='bbox 786 3108 973 3173; x_wconf 86' lang='lat' dir='ltr'>senteutiam</span> <span class='ocrx_word' id='word_1_213' title='bbox 1000 3128 1040 3172; x_wconf 87' lang='lat' dir='ltr'>ex</span> <span class='ocrx_word' id='word_1_214' title='bbox 1061 3107 1211 3173; x_wconf 88' lang='lat' dir='ltr'>memoria</span> <span class='ocrx_word' id='word_1_215' title='bbox 1233 3108 1289 3172; x_wconf 86' lang='lat' dir='ltr'>ad-</span> 
     </span>
     <span class='ocr_line' id='line_1_27' title="bbox 215 3211 1096 3283; baseline -0.006 -3"><span class='ocrx_word' id='word_1_216' title='bbox 215 3217 333 3280; x_wconf 85' lang='lat' dir='ltr'>iectam</span> <span class='ocrx_word' id='word_1_217' title='bbox 355 3234 422 3277; x_wconf 86' lang='lat' dir='ltr'>esse</span> <span class='ocrx_word' id='word_1_218' title='bbox 445 3232 464 3276; x_wconf 90' lang='lat' dir='ltr'>a</span> <span class='ocrx_word' id='word_1_219' title='bbox 485 3211 654 3277; x_wconf 85' lang='lat' dir='ltr'>Plutarcho</span> <span class='ocrx_word' id='word_1_220' title='bbox 676 3212 837 3279; x_wconf 87' lang='lat' dir='ltr'>iudicabis.</span> <span class='ocrx_word' id='word_1_221' title='bbox 1091 3276 1096 3283; x_wconf 76' lang='grc'><strong>,</strong></span> 
     </span>
    </p>

    <p class='ocr_par' dir='ltr' id='par_1_4' title="bbox 216 3318 1295 4343">
     <span class='ocr_line' id='line_1_28' title="bbox 326 3318 1292 3403; baseline -0.001 -18"><span class='ocrx_word' id='word_1_222' title='bbox 326 3319 413 3397; x_wconf 84' lang='lat' dir='ltr'>Quae</span> <span class='ocrx_word' id='word_1_223' title='bbox 430 3318 616 3385; x_wconf 88' lang='lat' dir='ltr'>Plutarchus</span> <span class='ocrx_word' id='word_1_224' title='bbox 631 3340 698 3403; x_wconf 89' lang='lat' dir='ltr'>cap.</span> <span class='ocrx_word' id='word_1_225' title='bbox 715 3318 837 3385; x_wconf 89' lang='lat' dir='ltr'>XXVII</span> <span class='ocrx_word' id='word_1_226' title='bbox 852 3319 928 3383; x_wconf 89' lang='lat' dir='ltr'>dicit</span> <span class='ocrx_word' id='word_1_227' title='bbox 946 3318 986 3383; x_wconf 91' lang='lat' dir='ltr'>de</span> <span class='ocrx_word' id='word_1_228' title='bbox 1000 3319 1215 3385; x_wconf 89' lang='lat' dir='ltr'>criminatione</span> <span class='ocrx_word' id='word_1_229' title='bbox 1229 3320 1292 3384; x_wconf 92' lang='lat' dir='ltr'>Pu·</span> 
     </span>
     <span class='ocr_line' id='line_1_29' title="bbox 216 3423 1291 3510; baseline 0 -18"><span class='ocrx_word' id='word_1_230' title='bbox 216 3426 305 3493; x_wconf 91' lang='lat' dir='ltr'>blicii</span> <span class='ocrx_word' id='word_1_231' title='bbox 325 3425 432 3491; x_wconf 89' lang='lat' dir='ltr'>Bibuli</span> <span class='ocrx_word' id='word_1_232' title='bbox 453 3423 571 3489; x_wconf 72' lang='lat' dir='ltr'>tribuni</span> <span class='ocrx_word' id='word_1_233' title='bbox 593 3424 703 3508; x_wconf 90' lang='lat' dir='ltr'>plebis,</span> <span class='ocrx_word' id='word_1_234' title='bbox 727 3426 782 3509; x_wconf 91' lang='lat' dir='ltr'>qui</span> <span class='ocrx_word' id='word_1_235' title='bbox 804 3425 843 3489; x_wconf 90' lang='lat' dir='ltr'>de</span> <span class='ocrx_word' id='word_1_236' title='bbox 857 3424 1038 3508; x_wconf 84' lang='lat' dir='ltr'>abrogando</span> <span class='ocrx_word' id='word_1_237' title='bbox 1060 3426 1191 3510; x_wconf 89' lang='lat' dir='ltr'>imperio</span> <span class='ocrx_word' id='word_1_238' title='bbox 1206 3426 1291 3491; x_wconf 88' lang='lat' dir='ltr'>Mar-</span> 
     </span>
     <span class='ocr_line' id='line_1_30' title="bbox 218 3529 1293 3615; baseline -0.001 -18"><span class='ocrx_word' id='word_1_239' title='bbox 218 3532 292 3598; x_wconf 87' lang='lat' dir='ltr'>celli</span> <span class='ocrx_word' id='word_1_240' title='bbox 314 3532 420 3615; x_wconf 82' lang='lat' dir='ltr'>egerit,</span> <span class='ocrx_word' id='word_1_241' title='bbox 443 3529 483 3596; x_wconf 86' lang='lat' dir='ltr'>de</span> <span class='ocrx_word' id='word_1_242' title='bbox 505 3531 634 3596; x_wconf 89' lang='lat' dir='ltr'>aedibus</span> <span class='ocrx_word' id='word_1_243' title='bbox 656 3531 776 3597; x_wconf 89' lang='lat' dir='ltr'>Honori</span> <span class='ocrx_word' id='word_1_244' title='bbox 798 3552 836 3596; x_wconf 85' lang='lat' dir='ltr'>ec</span> <span class='ocrx_word' id='word_1_245' title='bbox 858 3531 976 3600; x_wconf 84' lang='lat' dir='ltr'>Virtuti</span> <span class='ocrx_word' id='word_1_246' title='bbox 997 3553 1018 3596; x_wconf 86' lang='lat' dir='ltr'>a</span> <span class='ocrx_word' id='word_1_247' title='bbox 1040 3531 1188 3597; x_wconf 88' lang='lat' dir='ltr'>Marcello</span> <span class='ocrx_word' id='word_1_248' title='bbox 1204 3532 1293 3597; x_wconf 91' lang='lat' dir='ltr'>dedi-</span> 
     </span>
     <span class='ocr_line' id='line_1_31' title="bbox 218 3636 1292 3722; baseline -0.004 -17"><span class='ocrx_word' id='word_1_249' title='bbox 218 3640 310 3715; x_wconf 86' lang='lat' dir='ltr'>catis,</span> <span class='ocrx_word' id='word_1_250' title='bbox 333 3638 372 3706; x_wconf 90' lang='lat' dir='ltr'>de</span> <span class='ocrx_word' id='word_1_251' title='bbox 395 3636 547 3703; x_wconf 87' lang='lat' dir='ltr'>seditione</span> <span class='ocrx_word' id='word_1_252' title='bbox 568 3638 713 3703; x_wconf 84' lang='lat' dir='ltr'>Etruriae</span> <span class='ocrx_word' id='word_1_253' title='bbox 737 3637 778 3702; x_wconf 89' lang='lat' dir='ltr'>ab</span> <span class='ocrx_word' id='word_1_254' title='bbox 801 3636 911 3702; x_wconf 88' lang='lat' dir='ltr'>eodem</span> <span class='ocrx_word' id='word_1_255' title='bbox 931 3637 1051 3714; x_wconf 70' lang='lat' dir='ltr'>sedata</span> <span class='ocrx_word' id='word_1_256' title='bbox 1073 3638 1113 3701; x_wconf 90' lang='lat' dir='ltr'>de</span> <span class='ocrx_word' id='word_1_257' title='bbox 1134 3636 1292 3722; x_wconf 84' lang='lat' dir='ltr'>prodigiis,</span> 
     </span>
     <span class='ocr_line' id='line_1_32' title="bbox 219 3742 1295 3830; baseline -0.005 -19"><span class='ocrx_word' id='word_1_258' title='bbox 219 3765 304 3830; x_wconf 87' lang='lat' dir='ltr'>quae</span> <span class='ocrx_word' id='word_1_259' title='bbox 315 3744 536 3829; x_wconf 86' lang='lat' dir='ltr'>impedimento</span> <span class='ocrx_word' id='word_1_260' title='bbox 548 3744 664 3809; x_wconf 77' lang='lat' dir='ltr'>fuerint</span> <span class='ocrx_word' id='word_1_261' title='bbox 674 3744 839 3827; x_wconf 88' lang='lat' dir='ltr'>quominus</span> <span class='ocrx_word' id='word_1_262' title='bbox 851 3743 1017 3807; x_wconf 87' lang='lat' dir='ltr'>Marcellus</span> <span class='ocrx_word' id='word_1_263' title='bbox 1028 3744 1133 3827; x_wconf 86' lang='lat' dir='ltr'>copias</span> <span class='ocrx_word' id='word_1_264' title='bbox 1150 3742 1295 3807; x_wconf 86' lang='lat' dir='ltr'>educeret</span> 
     </span>
     <span class='ocr_line' id='line_1_33' title="bbox 220 3832 1293 3934; baseline -0.005 -17"><span class='ocrx_word' id='word_1_265' title='bbox 220 3832 372 3917; x_wconf 85' lang='lat' dir='ltr'>aduersus</span> <span class='ocrx_word' id='word_1_266' title='bbox 398 3849 617 3927; x_wconf 86' lang='lat' dir='ltr'>Hannibalem,</span> <span class='ocrx_word' id='word_1_267' title='bbox 651 3850 853 3913; x_wconf 88' lang='lat' dir='ltr'>inueniuntur</span> <span class='ocrx_word' id='word_1_268' title='bbox 885 3850 969 3933; x_wconf 89' lang='lat' dir='ltr'>apud</span> <span class='ocrx_word' id='word_1_269' title='bbox 1001 3848 1128 3913; x_wconf 90' lang='lat' dir='ltr'>Liuium</span> <span class='ocrx_word' id='word_1_270' title='bbox 1149 3848 1293 3934; x_wconf 86' lang='lat' dir='ltr'><strong>(XXVII,</strong></span> 
     </span>
     <span class='ocr_line' id='line_1_34' title="bbox 220 3955 1293 4042; baseline -0.005 -19"><span class='ocrx_word' id='word_1_271' title='bbox 220 3956 380 4042; x_wconf 79' lang='lat'>20-25)‚</span> <span class='ocrx_word' id='word_1_272' title='bbox 413 3961 518 4021; x_wconf 91' lang='lat' dir='ltr'>tamen</span> <span class='ocrx_word' id='word_1_273' title='bbox 540 3976 604 4021; x_wconf 92' lang='lat' dir='ltr'>non</span> <span class='ocrx_word' id='word_1_274' title='bbox 637 3976 736 4040; x_wconf 87' lang='lat' dir='ltr'>aeque</span> <span class='ocrx_word' id='word_1_275' title='bbox 767 3957 935 4021; x_wconf 90' lang='lat' dir='ltr'>concinunt</span> <span class='ocrx_word' id='word_1_276' title='bbox 959 3955 1034 4019; x_wconf 81' lang='lat' dir='ltr'>-c&#39;um</span> <span class='ocrx_word' id='word_1_277' title='bbox 1056 3976 1094 4020; x_wconf 90' lang='lat' dir='ltr'>eo</span> <span class='ocrx_word' id='word_1_278' title='bbox 1122 3960 1218 4038; x_wconf 87' lang='lat' dir='ltr'>atque</span> <span class='ocrx_word' id='word_1_279' title='bbox 1246 3976 1293 4030; x_wconf 70' lang='lat' dir='ltr'>ea</span> 
     </span>
     <span class='ocr_line' id='line_1_35' title="bbox 221 4060 1295 4147; baseline -0.003 -20"><span class='ocrx_word' id='word_1_280' title='bbox 221 4082 305 4147; x_wconf 78' lang='lat' dir='ltr'>quea</span> <span class='ocrx_word' id='word_1_281' title='bbox 347 4063 486 4145; x_wconf 85' lang='lat' dir='ltr'>proxime</span> <span class='ocrx_word' id='word_1_282' title='bbox 530 4061 798 4145; x_wconf 85' lang='lat' dir='ltr'>perlustrauimus.</span> <span class='ocrx_word' id='word_1_283' title='bbox 866 4060 1029 4144; x_wconf 89' lang='lat' dir='ltr'>pulchram</span> <span class='ocrx_word' id='word_1_284' title='bbox 1071 4065 1104 4125; x_wconf 89' lang='lat' dir='ltr'>et</span> <span class='ocrx_word' id='word_1_285' title='bbox 1144 4061 1295 4143; x_wconf 82' lang='lat' dir='ltr'>insignem</span> 
     </span>
     <span class='ocr_line' id='line_1_36' title="bbox 222 4166 1295 4235; baseline -0.006 1"><span class='ocrx_word' id='word_1_286' title='bbox 222 4168 338 4235; x_wconf 86' lang='lat' dir='ltr'>excelsi</span> <span class='ocrx_word' id='word_1_287' title='bbox 360 4168 455 4233; x_wconf 87' lang='lat' dir='ltr'>animi</span> <span class='ocrx_word' id='word_1_288' title='bbox 483 4168 624 4233; x_wconf 89' lang='lat' dir='ltr'>Marcelli</span> <span class='ocrx_word' id='word_1_289' title='bbox 653 4167 923 4234; x_wconf 85' lang='lat' dir='ltr'>adumbrationem</span> <span class='ocrx_word' id='word_1_290' title='bbox 945 4166 985 4232; x_wconf 89' lang='lat' dir='ltr'>de</span> <span class='ocrx_word' id='word_1_291' title='bbox 1007 4188 1064 4232; x_wconf 91' lang='lat' dir='ltr'>suo</span> <span class='ocrx_word' id='word_1_292' title='bbox 1086 4167 1201 4232; x_wconf 86' lang='lat' dir='ltr'>adiecit</span> <span class='ocrx_word' id='word_1_293' title='bbox 1221 4166 1295 4230; x_wconf 93' lang='lat' dir='ltr'>Plu-</span> 
     </span>
     <span class='ocr_line' id='line_1_37' title="bbox 222 4276 360 4343; baseline -0.022 0"><span class='ocrx_word' id='word_1_294' title='bbox 222 4276 360 4343; x_wconf 81' lang='lat' dir='ltr'>tarchua</span> 
     </span>
    </p>

    <p class='ocr_par' dir='ltr' id='par_1_5' title="bbox 330 4380 1380 4465">
     <span class='ocr_line' id='line_1_38' title="bbox 330 4380 1380 4465; baseline -0.005 -19"><span class='ocrx_word' id='word_1_295' title='bbox 330 4380 512 4446; x_wconf 87' lang='lat' dir='ltr'>Accedimus</span> <span class='ocrx_word' id='word_1_296' title='bbox 548 4381 589 4447; x_wconf 86' lang='lat' dir='ltr'>ad</span> <span class='ocrx_word' id='word_1_297' title='bbox 631 4387 801 4447; x_wconf 83' lang='lat' dir='ltr'>extremam</span> <span class='ocrx_word' id='word_1_298' title='bbox 840 4381 924 4446; x_wconf 90' lang='lat' dir='ltr'>uitae</span> <span class='ocrx_word' id='word_1_299' title='bbox 955 4384 1094 4465; x_wconf 87' lang='lat' dir='ltr'>partem,</span> <span class='ocrx_word' id='word_1_300' title='bbox 1130 4400 1201 4444; x_wconf 91' lang='lat' dir='ltr'>cum</span> <span class='ocrx_word' id='word_1_301' title='bbox 1234 4398 1297 4461; x_wconf 88' lang='lat' dir='ltr'>qua</span> <span class='ocrx_word' id='word_1_302' title='bbox 1379 4395 1380 4400; x_wconf 51' lang='lat'>¹</span> 
     </span>
    </p>
   </div>
   <div class='ocr_carea' id='block_1_4' title="bbox 0 0 1499 4900">
    <p class='ocr_par' dir='ltr' id='par_1_6' title="bbox 0 0 1499 4900">
     <span class='ocr_line' id='line_1_39' title="bbox 0 0 1499 4900; baseline 0 0"><span class='ocrx_word' id='word_1_303' title='bbox 0 0 1499 4900; x_wconf 95' lang='lat' dir='ltr'> </span> 
     </span>
    </p>
   </div>
  </div>
 </body>
</html>
