2950 4900
596 337 824 403 ,4.ι

93 563 96 572 ’
163 553 304 617 nostram
326 551 540 635 quaestionem
561 571 625 616 non
646 550 797 636 pertinet)
825 549 891 616 fere
913 569 1020 615 omnes
1050 555 1083 616 et
1104 549 1241 616 Graecos

161 661 194 720 et
217 655 375 722 &manos
390 661 542 734 auctores,
565 657 620 741 qui
642 656 780 722 resilias
795 661 869 723 ante
892 677 964 721 cum
977 657 1147 722 memmiae
1167 678 1241 740 pro-

161 761 324 841 diderant,
346 762 460 846 legisse
484 782 523 827 ac
549 763 740 828 consuluisse
772 784 790 827 e
818 761 955 846 legibus,
982 746 1109 846 quas'a
1136 783 1242 828 rerum

165 867 368 953 scriptoribus
391 867 602 933 obseruandas
625 869 761 947 censuit,
789 869 881 957 (XII,
904 868 958 946 25,
981 891 999 934 e
1006 894 1015 947 ;
1044 870 1105 947 273
1128 870 1187 954 28)
1209 874 1243 932 et

165 995 182 1038 e
205 973 381 1051 seueritate,
405 994 469 1058 qua
495 974 562 1059 ipse
590 973 647 1039 has
668 974 753 1057 leges
775 974 967 1051 obseurauit,
989 975 1140 1059 smpioai
1159 975 1241 1039 licet.

163 1087 291 1166 praeter
315 1080 451 1148 Graecos
473 1095 549 1146 uero
571 1087 715 1147 auctores
737 1101 810 1146 eum
830 1081 922 1146 Fabii
943 1080 1122 1167 haume)
1144 1101 1243 1146 anna-

164 1187 246 1253 libus
274 1209 365 1252 usum
389 1207 457 1253 esse
490 1188 588 1272 ipsius
618 1188 800 1255 testimonio
843 1193 967 1254 constat
999 1189 1045 1275 (I,
1083 1189 1143 1266 14;
1183 1186 1242 1264 15;

166 1293 305 1380 583111,
328 1295 373 1380 8).
418 1315 521 1379 neque
542 1315 619 1361 uero
641 1299 759 1361 temere
786 1295 825 1360 iis
848 1295 991 1385 credidit,
1019 1294 1075 1385 sed
1102 1314 1165 1378 quo
1187 1313 1247 1358 ex-

166 1399 301 1465 cedebat
323 1402 465 1468 ueritatis
488 1401 593 1467 studio
621 1407 654 1466 et
683 1401 857 1468 subtilitate
889 1400 997 1467 iudicii
1029 1421 1151 1467 summa
1172 1420 1244 1465 cum

166 1507 330 1590 diligentia
353 1509 457 1574 omnia
479 1508 660 1574 examinans
683 1512 789 1574 errata
803 1507 971 1592 detegebat
992 1511 1024 1572 et
1045 1505 1243 1582 emendabat,

166 1633 217 1678 res
239 1617 475 1698 praetermissas
498 1616 682 1701 supplebat,
709 1617 795 1681 leues
824 1615 1006 1694 omittebat,
1033 1615 1177 1680 confusas
1206 1635 1245 1679 ac

167 1720 311 1785 turbatas
332 1721 366 1786 in
388 1727 507 1788 certum
528 1721 670 1787 ordinem
683 1721 855 1805 redigebat,
878 1721 994 1804 quippe
1016 1721 1071 1805 qui
1092 1722 1162 1806 ipsa
1175 1742 1244 1787 mo-

169 1832 318 1892 numenta
340 1827 471 1912 antiqua
491 1831 705 1912 perscrutatis
727 1832 810 1892 esset
831 1848 869 1892 ac
890 1826 1103 1892 familiaritate
1124 1825 1244 1912 Scipio-

167 1932 216 1998 nis
239 1953 315 1998 usus
337 1933 438 1998 multa
459 1954 480 1999 a
501 1933 577 1998 uiris
604 1933 783 1998 clarissimis
811 1932 965 2011 audisset,
989 1953 1122 2017 quorum
1146 1932 1245 2000 ductu

170 2039 377 2124 auspiciisque
399 2039 563 2124 imperium
584 2039 760 2106 Romanum
781 2039 824 2104 ad
844 2044 969 2104 tantum
990 2038 1188 2125 splendorem
1207 2059 1246 2102 ac

168 2147 342 2229 potentiam
363 2146 551 2230 productum
566 2151 650 2224 erat,
684 2146 739 2230 qui
770 2146 866 2211 uariis
897 2144 1070 2212 itineribus·
1093 2145 1244 2228 regiones,

170 2273 251 2336 quae
272 2257 371 2316 testes
391 2251 517 2318 fuerant
537 2250 787 2328 memorabilium
808 2251 991 2327 facinorum,
1013 2251 1245 2335 perlustrasset,

171 2359 225 2444 qui
246 2359 487 2445 Philopoemene
506 2380 544 2423 ac
566 2364 695 2444 parente
724 2358 860 2443 Lycorta
887 2357 1141 2443 praeceptoribus
1169 2377 1246 2422 enu-

170 2468 263 2533 tritus
283 2469 316 2531 in
343 2466 432 2531 bellis
459 2465 616 2551 rebusque
637 2466 770 2551 publicis
794 2465 1050 2534 administrandis
1072 2464 1153 2530 bene
1174 2485 1246 2529 uer-

279 2893 302 2957 ·)
322 2894 386 2945 Nam
405 2893 473 2961 quod
490 2892 613 2959 Polybius
631 2892 736 2945 Fabium
754 2894 886 2953 Pictorem,
908 2892 1053 2960 ubicunque
1075 2896 1129 2945 eius
1143 2897 1248 2947 mentio-

174 2998 230 3049 nem
247 2981 315 3041 facit,
334 2982 495 3049 reprehendit
517 2984 670 3049 quinetiam
694 2982 754 3049 (III,
779 2983 807 3043 83
826 2982 853 3046 9)
873 2981 989 3053 ἀλογίαν
1011 2983 1035 3033 ei
1058 2982 1140 3042 obicit,
1163 2999 1197 3035 ex
1219 2998 1248 3035 eo

174 3072 273 3121 minime
291 3075 344 3123 erui
361 3076 442 3138 potest
468 3087 525 3123 eum
543 3070 614 3122 Fabii
638 3070 741 3122 annales
764 3072 888 3137 spreuisse
911 3074 956 3121 aut
977 3086 1009 3121 ex
1028 3073 1058 3121 iis
1080 3073 1181 3123 haurire
1203 3088 1249 3123 no·

174 3160 262 3220 luisse,
281 3164 309 3211 ut
331 3164 427 3228 opinari
444 3162 545 3213 uidetur
568 3158 596 3212 0.
620 3160 726 3212 Petems
749 3176 807 3226 pag.
832 3162 873 3213 55.
897 3158 1019 3211 acerbitas
1043 3162 1107 3211 enim
1130 3176 1249 3213 censurae

89 3284 90 3327 }
176 3246 238 3299 nihil
253 3248 330 3301 habet
352 3253 415 3311 miri,
435 3253 494 3318 quia
514 3253 550 3301 ita
568 3264 599 3300 ac
617 3265 693 3316 saepe
711 3249 826 3301 acerbius
842 3264 917 3315 quam
940 3251 1028 3301 iustius
1050 3252 1076 3301 in
1094 3266 1177 3302 omnes
1195 3249 1250 3303 fere

89 3328 90 3383 J
176 3342 287 3389 aucmrcs
304 3340 436 3392 inuehitur.
472 3340 580 3391 omnium
597 3341 691 3399 umen,
716 3352 820 3405 quorum
837 3337 912 3410 fidem
922 3336 1089 3403 reprehendit
1108 3339 1184 3390 Fabio
1196 3354 1251 3390 ma-

89 3476 91 3515 3
176 3427 243 3477 xime
258 3429 378 3492 pepercit
413 3430 486 3481 immo
502 3426 595 3479 fatetur
616 3427 637 3487 I,
657 3426 698 3487 14,
717 3426 821 3478 Fabium
839 3430 865 3477 et
880 3424 1008 3477 Philinum
1030 3426 1202 3500 ἐμπειρότατα
1219 3428 1252 3480 dc

177 3515 254 3579 primo
272 3513 338 3566 bello
355 3516 454 3567 Punico
472 3518 598 3581 scripsisse
616 3530 698 3581 neque
717 3514 749 3565 de
765 3515 887 3565 industria
904 3513 937 3564 ab
948 3528 1010 3565 uero
1022 3513 1151 3565 aberrasse
1162 3515 1251 3568 uideri.

178 3606 204 3651 at
220 3601 331 3667 profecto
348 3603 423 3669 longe
443 3603 500 3655 aliis
518 3606 605 3670 opinor
624 3604 743 3655 conuiciis
767 3618 809 3654 eos
831 3602 935 3662 lacerat,
953 3601 1045 3668 quibus
1063 3602 1156 3654 nullam
1178 3604 1253 3655 fidem

89 3688 91 3699 '
178 3692 271 3744 habuit.
307 3692 421 3745 conferas
438 3708 504 3760 quae
522 3693 554 3743 de
582 3692 655 3744 Sosili
681 3696 706 3744 et
734 3690 863 3744 Chaereae
885 3690 993 3743 historiis
1011 3692 1104 3742 iudicat
1129 3692 1178 3752 ΙΙΙ,
1204 3693 1252 3746 2οε

179 3770 248 3853 πρδς
260 3780 312 3851 μὲν
330 3772 380 3834 odv
395 3778 428 3834 roi
443 3777 548 3833 τοιαῦτα
565 3778 618 3833 τῶν
635 3777 864 3853 συγγραμμάτων,
886 3784 932 3832 ola
950 3776 1052 3851 γράφει
1072 3782 1193 3852 Χαιρέας
1207 3782 1253 3837 καὶ

179 3866 303 3939 idatios,
321 3868 401 3923 οὐδὲν
424 3867 458 3921 ἂν
476 3870 534 3921 de'oo
551 3871 632 3923 πλέον
649 3870 746 3939 λέγειν·
765 3869 796 3921 od
815 3860 875 3938 ycip
894 3870 1010 3939 ἱστορίας
1026 3863 1094 3919 ἀλλὰ
1112 3865 1257 3941 naupactis

90 3980 91 4019 3
181 3957 225 4007 καὶ
243 3953 384 4027 πανδήμου
403 3955 497 4013 λαλιᾶς
512 3959 573 4026 ἐμοὶ
590 3975 623 4028 γε
642 3954 754 4009 δοκοῦσι
775 3954 849 4018 τάξιν
872 3958 943 4026 ἔχειν
970 3956 1016 4008 καὶ
1038 3954 1165 4028 δύναμιν.
1202 3961 1255 4009 tum

181 4061 212 4096 ne
229 4060 268 4096 res
287 4044 388 4113 quidem
404 4049 471 4112 ipsas
489 4063 505 4097 a
523 4046 599 4098 Fabio
618 4050 730 4098 narratas
748 4045 793 4097 sed
815 4045 909 4095 iudicia
933 4044 1056 4111 quaedam
1074 4044 1107 4097 ab
1126 4062 1156 4097 eo
1169 4045 1201 4097 de
1212 4060 1254 4097 re·

90 4146 93 4189 j·
181 4132 229 4184 bus
246 4134 323 4198 gestis
340 4132 437 4199 prolata
457 4133 556 4186 refellit.
593 4136 701 4201 denique
724 4136 747 4185 si
768 4135 874 4184 maiores
896 4132 968 4185 Fabii
989 4132 1108 4184 historiae
1133 4139 1217 4200 partes
1239 4150 1255 4184 a

181 4236 242 4274 uero
268 4221 425 4276 abhorruisse
452 4227 620 4289 cognouissei,
647 4228 713 4276 certe
740 4238 789 4275 non
816 4215 916 4288 saepius
943 4222 1017 4273 iidem
1045 4218 1099 4272 eius
1127 4223 1256 4287 exagitare

89 4352 91 4357 ,
183 4314 309 4373 omisisset,
333 4314 479 4379 praesertim
506 4327 561 4363 cum
586 4315 690 4372 timeret,
716 4326 749 4363 ne
775 4314 819 4379 qui
845 4326 934 4362 nomen
953 4312 1008 4361 eius
1034 4324 1065 4359 ac
1081 4309 1180 4362 titulum
1197 4309 1256 4361 libri

183 4403 307 4454 ’sinentes
325 4418 507 4471 quaecunquae
525 4404 664 4469 scripsisset
682 4406 710 4453 ut
726 4405 796 4455 cerm
813 4403 950 4467 arriperent
968 4399 1036 4466 (Illa
1054 4396 1090 4464 9)·
