2950 4900
562 374 862 460 1-10-

216 577 421 649 Plutarchum
452 603 633 670 comparare
666 588 741 652 licet
774 587 857 674 (Liu
885 586 1016 664 XXVII,
1046 586 1196 666 15-163
1211 579 1295 676 ’25)

217 695 316 774 atque
343 692 469 756 Liuium
498 692 624 776 quidem
651 694 793 759 uidemus
814 694 874 759 1100
895 695 965 760 1000
987 712 1051 759 101
1072 694 1175 758 minus
1198 717 1297 778 quam

216 797 369 868 anteain
395 799 575 863 uniuersum
602 800 780 883 conspirare
802 822 874 864 cum
895 800 1070 866 Plutarcho·
1097 799 1296 888 duplicisque

216 901 321 966 famae
356 903 488 982 eandem
522 918 617 988 quarn
650 905 799 994 probauit
832 902 1019 971 Plutarchus
1047 907 1206 984 exhibere,
1237 907 1294 973 sed

120 1059 134 1072 .
215 1031 442 1093 nonnunquam
462 1011 509 1074 ita
531 1011 571 1086 ab
595 1033 632 1076 eo
655 1011 865 1076 discederent
885 1013 952 1076 eius
967 1018 1076 1077 auctor
1097 1013 1207 1078 baberi
1223 1035 1294 1079 uon

217 1116 327 1200 possit.
373 1138 413 1180 ne
435 1117 567 1182 leuiores
590 1116 815 1202 discrepantias
830 1118 1022 1182 cumulemus
1043 1120 1194 1184 nonnulla
1215 1119 1293 1188 affe·
1396 1138 1397 1141 ’

95 1289 100 1300 ,
215 1243 331 1300 remus,
354 1223 466 1306 quibus
488 1223 534 1286 ita
555 1244 622 1288 rem
649 1244 716 1288 esse
739 1223 899 1288 enincitur.
943 1244 1018 1287 nam
1039 1246 1097 1308 pro
1118 1225 1293 1291 incredibili

217 1329 252 1392 ui
280 1328 348 1393 auri
377 1349 394 1392 e
423 1328 544 1413 direpto
575 1329 710 1394 Tarento
738 1330 772 1393 in
799 1329 954 1397 aerarium
987 1329 1084 1394 delati
1118 1333 1175 1418 (16
1199 1338 1228 1415 ξ.
1255 1333 1303 1410 It,

215 1435 361 1518 „argenti
388 1436 436 1500 uis
464 1435 573 1518 ingens
600 1435 675 1501 facti
706 1437 892 1520 signatique,
921 1437 990 1502 auri
1017 1436 1183 1502 LXXXIII
1204 1439 1292 1504 milia

214 1540 370 1625 pondo“)‚
395 1562 475 1625 quae
497 1541 657 1606 Valerium
678 1541 839 1607 Antiatem
860 1563 955 1626 quem
976 1543 1176 1610 immodicum
1195 1545 1292 1611 fuisse

213 1647 250 1711 in
272 1647 407 1711 numeris
422 1647 571 1730 augendis
586 1668 677 1712 nemo
693 1648 818 1730 ignorat
829 1647 961 1726 redolet,
983 1650 1170 1715 Plutarchus
1192 1652 1291 1718 multo

213 1753 364 1818 minorem
383 1774 421 1818 ac
441 1753 683 1837 probabiliorem
704 1775 858 1818 summam
880 1754 1016 1833 exhibet,
1032 1778 1113 1840 quac
1135 1779 1176 1822 ne
1197 1780 1291 1843 quare

214 1867 282 1925 tam
311 1860 436 1943 quidem
462 1866 587 1944 partem
615 1861 767 1926 Liuianae
800 1883 940 1926 summae
974 1863 1080 1946 explet
1108 1862 1289 1955 (ἀνηνέχθη

213 1966 293 2042 δἐἰς
315 1963 350 2032 τὸ
373 1965 529 2055 daucum
550 1970 706 2052 τρισχίλια
726 1965 886 2054 τάλαντα).
930 1967 1043 2034 deinde
1064 1970 1174 2037 Liuius
1195 1973 1303 2056 algnis'

211 2094 253 2138 ae
286 2073 401 2138 tabulis
435 2074 675 2140 Tarentinorum
709 2095 777 2139 sese
810 2074 999 2141 abstinuisse
1037 2076 1170 2142 Fabium
1204 2079 1290 2157 dicit,

211 2179 383 2244 Plutarcho
406 2185 533 2245 auctore
555 2180 671 2246 Fabius
699 2181 896 2264 peramplum
917 2181 1060 2246 Herculis
1083 2184 1206 2266 signum
1226 2186 1290 2251 Rc-

211 2307 300 2352 mam
322 2286 501 2377 deportarit
523 2293 555 2352 et
577 2288 644 2371 ipse
666 2288 726 2353 sibi
749 2294 887 2353 statuam
908 2309 1039 2354 aeneam
1060 2296 1236 2373 equestrem
1256 2293 1291 2358 in

212 2393 370 2477 Capitolio
398 2395 511 2478 posuit.
564 2395 691 2461 01101110
713 2395 864 2480 triumphi
886 2416 907 2459 a
928 2396 1028 2462 Fabio
1051 2396 1091 2462 de
1113 2392 1290 2466 Tarentinis

125 2552 138 2573 .
212 2503 279 2568 acti
312 2503 502 2567 mentionem
536 2502 612 2567 facit
645 2503 841 2581 Plutarchus,
875 2525 938 2569 non
971 2506 1048 2569 item
1083 2506 1201 2585 Liuius,
1236 2508 1290 2591 qui

211 2608 369 2695 (XXVII.
382 2609 435 2686 20,
460 2609 596 2694 9)]111
624 2608 700 2673 dicit
721 2610 797 2673 nisi:
815 2609 935 2687 „Fabio
963 2609 1134 2675 Tarentum
1162 2618 1290 2697 captum

210 2720 285 2779 astu
306 2714 404 2797 magis
427 2736 523 2797 quam
544 2715 662 2779 uirtute
677 2714 795 2797 gloriae
817 2719 924 2779 tamen
945 2725 1044 2780 esse.“
1087 2718 1195 2802 itaque
1219 2742 1290 2785 oum

209 2822 289 2886 item
317 2827 353 2886 ut
379 2822 413 2885 in
441 2825 546 2885 cetera
574 2824 665 2904 parte
696 2820 783 2884 uitae
810 2820 997 2886 Plutarchus
1020 2827 1052 2886 et
1073 2823 1182 2889 Liuius
1203 2846 1290 2901 com-

210 2928 322 3013 parati
347 2928 418 3004 sint,
440 2926 559 2992 fontem
582 2927 746 3010 utriusque
757 2925 820 2993 Ι1100
835 2927 906 2993 loco
920 2928 1055 2994 eundem
1076 2928 1172 2996 fuisse
1194 2938 1290 3018 atque

210 3039 309 3100 antea
329 3035 396 3097 ueri
419 3032 609 3099 simillimum
631 3039 687 3099 est.
1169 3114 1172 3118 ¹

320 3138 434 3205 Similis
463 3145 512 3205 est
536 3140 618 3205 ratio
637 3140 671 3204 in
703 3141 742 3205 iis
765 3161 848 3225 quae
867 3147 996 3207 restant.
1040 3144 1290 3211 narratiuncula-

209 3268 285 3311 rum
313 3267 392 3329 quas
421 3268 488 3329 cap.
515 3246 622 3311 XXIV
651 3247 779 3313 exhibet
807 3248 994 3314 Plutarchus
1023 3249 1124 3315 altera
1145 3253 1289 3318 uniuersa

210 3352 350 3417 concinit
378 3373 449 3416 cum
475 3352 566 3417 Liuio
594 3351 709 3431 XXIV,
737 3354 792 3432 44,
821 3375 1011 3439 quamquam
1038 3377 1204 3441 perperam
1230 3360 1290 3426 hcc

209 3458 283 3523 1000
315 3462 446 3522 narrata
479 3461 527 3521 est
560 3478 580 3521 a
611 3456 800 3537 Plutarcho,
830 3460 905 3542 quia
931 3460 995 3525 iam
1023 3468 1172 3544 quattuor
1200 3466 1289 3530 annis

211 3567 288 3630 ante
316 3563 486 3628 Tarentum
514 3554 641 3647 captum
668 3564 751 3629 filius
773 3566 938 3631 0010111011
959 3567 1085 3633 1110110
1108 3577 1186 3649 0101,
1209 3571 1288 3637 0110-

210 3690 283 3736 ram
309 3670 342 3735 in
369 3670 533 3735 undecimo
561 3670 641 3735 libro
670 3670 754 3735 Liuii
781 3671 876 3737 111000
904 3672 972 3737 ueri
1000 3673 1100 3739 simile
1128 3683 1185 3742 est.
1229 3700 1289 3763 pu·

210 3782 311 3862 gnant
339 3798 415 3842 uero
443 3777 527 3841 inter
555 3798 598 3855 se,
627 3776 712 3861 quod
734 3777 973 3844 celeberrimum
1000 3781 1089 3846 illum
1120 3784 1157 3863 Q.
1194 3763 1288 3851 111111-Ι

211 3905 269 3948 um
293 3882 466 3947 Maximum
499 3882 678 3947 Rullianum
709 3904 864 3967 proauum
897 3885 1063 3952 Verrucosi
1103 3890 1289 3957 Plutarchus

211 3991 300 4069 dicit,
323 3992 432 4057 Liuius
467 4013 562 4056 auum
596 3990 718 4077 (XXX,
753 3992 821 4079 26).
881 3993 1015 4060 Fabium
1056 3995 1121 4062 filio
1163 4003 1288 4065 mortuo

209 4098 429 4183 parentauisse
450 4102 486 4162 ut
507 4090 623 4182 prodat
645 4098 754 4163 Liuius
769 4104 895 4164 tantum
916 4100 1016 4178 abest,
1038 4106 1075 4165 ut
1095 4100 1194 4167 filium
1215 4110 1290 4187 post

209 4210 346 4271 mortem
372 4204 471 4287 patris
498 4224 648 4287 augmen
675 4204 839 4270 inlocum
869 4206 935 4272 eius
969 4208 1189 4290 inauguratum
1220 4228 1288 4272 esse

209 4315 320 4376 narret
348 4308 463 4396 (XXX,
493 4309 561 4396 26).
606 4309 741 4375 Fabium
768 4311 849 4377 mira
882 4333 953 4378 cum
986 4312 1162 4378 constantia
1192 4317 1288 4395 atque

210 4415 372 4483 offirmata
398 4415 563 4481 uoluntate
591 4416 728 4483 consiliis
762 4416 924 4504 Scipionis,
952 4419 1012 4503 qui
1040 4421 1165 4481 cautam
1197 4416 1288 4481 Fabii
