2950 4900
645 360 865 428 ...30-

218 572 293 640 belli
314 570 440 656 gerendi
462 571 617 638 rationem
630 578 815 658 aspernatus
837 574 955 640 bellum
977 595 1017 640 ex
1038 573 1133 640 ltalia
1152 573 1187 640 in
1208 574 1287 641 Affi-

218 701 288 746 oam
318 678 490 757 transtulit,
522 678 722 764 aduersatum
753 700 821 746 esse
851 686 886 746 et
915 681 1025 746 Liuius
1053 685 1087 746 et
1105 682 1287 748 Plutamhns

217 789 356 852 nunant.
405 789 564 852 mortuum
595 807 671 852 uero
702 786 837 853 Fabium
869 807 941 852 aere
971 808 993 852 a
1022 787 1154 879 oimme
1176 789 1287 854 oolluto

217 913 286 960 esse
318 894 437 958 elutum
467 898 563 978 atque
599 899 636 958 ut
671 899 795 978 patrem
824 895 949 978 patulae
979 914 1048 960 esse
1077 895 1198 960 uultum
1227 916 1288 960 non

216 1001 372 1066 memorat
392 999 516 1076 Liuius3
539 999 578 1064 of.
601 998 704 1065 Valer.
728 999 812 1064 Max.
835 999 873 1078 V,
897 1000 928 1077 2,
950 1000 982 1065 3.

321 1103 458 1189 Singulis
488 1104 584 1188 igitur
611 1105 701 1180 ,uitae
733 1104 810 1171 loeis
841 1104 1038 1190 perlustuatis
1064 1107 1173 1189 paucis
1205 1127 1287 1171 oom-

215 1208 451 1295 prehendumus
477 1229 557 1294 quae
590 1211 774 1294 quaestione
804 1217 914 1277 nostre
944 1210 1084 1276 effecisse
1117 1232 1176 1277 nos
1206 1211 1288 1278 unbi-
1349 1276 1353 1286 ,

205 1322 344 1394 ,tramnn
388 1319 489 1381 totam
510 1316 592 1382 hano
622 1318 722 1384 uitam
749 1318 889 1402 exeeptis
910 1319 1030 1402 paucis,
1055 1338 1137 1403 quae
1160 1315 1201 1384 de
1221 1337 1287 1384 mo-

214 1422 301 1488 ubus
332 1421 423 1488 Fabii
452 1422 584 1487 Maximi
615 1422 809 1488 dnseruntnr
839 1428 940 1489 etex
966 1422 1037 1490 aliis
1065 1422 1205 1490 fontibus
1232 1422 1287 1488 ad-

214 1530 297 1594 iectu
327 1534 409 1607 sunt,
441 1530 527 1608 eu.
557 1529 648 1596 Fabii
679 1531 811 1596 Pictoris
842 1529 970 1596 Guaeeis
1008 1529 1173 1596 annalibus
1210 1529 1287 1595 huu-

214 1637 256 1700 sit
277 1636 462 1702 Plutarchus
489 1656 605 1720 eosque
619 1625 867 1704 'accuratissime
880 1643 1004 1702 secutus
1026 1643 1084 1715 ost,
1108 1643 1146 1703 ut
1166 1637 1288 1722 saepius

213 1744 283 1827 ipsa
312 1742 412 1809 uerba
446 1745 605 1810 retineret.
660 1739 887 1828 nonnunquam
919 1750 1026 1810 autem
1055 1743 1154 1809 uerbo
1185 1745 1288 1828 tetigit

213 1855 271 1916 ant
300 1849 511 1935 praeseminis
540 1855 578 1916 ut
608 1850 688 1917 solet
718 1871 769 1916 res
799 1850 952 1934 grauioris
984 1850 1151 1927 momenti,
1178 1871 1287 1916 nama-

212 1956 368 2022 tiunoulus
399 1954 513 2040 quibus
550 1977 651 2022 mores
690 1956 830 2023 uirorum
861 1956 1017 2022 clarorum
1047 1956 1198 2022 illustrati
1229 1977 1287 2040 pu·

212 2060 304 2128 tabat
338 2061 452 2146 cupide
490 2064 623 2148 arripuit
659 2068 692 2128 et
728 2051 883 2148 copiosius
920 2064 1073 2148 exposuit.
1116 2084 1288 2150 Quam
1315 2060 1358 2128 ι’

212 2171 261 2234 est
288 2167 389 2246 Liuio,
421 2167 482 2233 nisi
511 2168 594 2234 forte
625 2169 822 2254 praeclarum
851 2168 932 2234 illud
960 2169 1079 2234 dietum
1100 2169 1287 2235 Hannibalis

212 2274 242 2338 ei
271 2272 472 2340 bibnentlum
503 2294 572 2340 osse
603 2274 758 2340 uidentm.
802 2296 931 2360 prorsus
951 2275 1091 2359 neglexit
1111 2275 1316 2360 Ριιὶγὶιίιιιιιι.α

211 2379 267 2446 sed
299 2380 448 2465 quoniam
478 2379 587 2446 liuius
618 2380 651 2446 in
682 2379 745 2446 beo
770 2378 973 2448 historiamm
1004 2386 1095 2467 parte
1126 2390 1228 2465 aeque
1251 2392 1288 2449 uo

211 2484 399 2551 Plutarchus
421 2486 555 2553 Fabium
576 2487 733 2553 Pictorem
753 2488 956 2573 prasupuum
977 2488 1089 2554 hebuit
1116 2493 1287 2565 auctorem
1332 2534 1340 2557 .

209 2597 336 2677 praeter
363 2600 435 2659 sum
460 2598 572 2659 antem
598 2609 662 2659 non
694 2594 797 2661 solum
823 2593 990 2680 Polybium
1010 2593 1184 2661 sedetiam
1206 2595 1287 2662 elios

210 2698 369 2765 annalium
396 2699 562 2783 scriptores
593 2698 759 2778 oonsuluit,
791 2700 909 2767 laetum
943 2705 993 2765 est
1021 2706 1058 2765 ut
1089 2701 1124 2765 in
1156 2702 1286 2767 uniuer-

209 2826 278 2872 sum
301 2827 372 2871 oum
397 2804 568 2871 Plutemho
595 2806 763 2889 uouspiiet,
792 2805 832 2871 de
854 2805 1012 2872 nonnullis
1030 2825 1106 2871 uero
1128 2805 1286 2891 discrepet

210 2932 281 2977 oum
302 2933 350 2977 eo.
394 2910 529 2979 eundem
555 2911 690 2995 denique
717 2910 851 2977 Fabium
877 2912 1035 2977 Pictorem
1056 2910 1200 2977 adhibuit
1220 2911 1284 2979 Po-

208 3016 317 3101 lybius.
377 3022 412 3082 at
454 3016 529 3101 quia
556 3037 624 3089 non,
650 3022 687 3082 ut
715 3016 812 3082 oeteii
838 3015 972 3099 uestigia
992 3017 1059 3083 eius
1080 3017 1205 3101 pressit,
1227 3016 1285 3083 sed

207 3128 298 3191 canu
329 3144 367 3191 eo
399 3144 474 3189 usus
498 3128 546 3189 est
573 3144 735 3206 nunquam
760 3132 830 3191 non
861 3123 1043 3191 examinans
1065 3143 1103 3189 aa
1124 3123 1283 3207 oouigens

207 3249 289 3313 quae
305 3229 367 3295 ‘ille
394 3227 578 3307 tnudiderat,
601 3228 702 3295 multo
725 3228 829 3295 ratius
852 3250 923 3295 oum
945 3228 1038 3295 Liuio
1059 3234 1092 3293 et
1111 3228 1283 3297 Plutamho

207 3335 371 3402 consentit.
724 3346 726 3353 '
