2950 4900
611 364 869 444 227-

216 570 381 657 Appianua
410 571 527 661 (Hann.
551 576 609 661 24)
636 577 780 644 narrauit
807 579 929 666 equitas
957 579 1117 646 Romame
1135 581 1191 669 qui
1211 581 1298 648 eirea

215 677 388 746 Aemilium
416 680 551 750 Paulum
580 689 699 761 essent,
728 705 801 750 cum
827 705 899 750 eum
925 685 1016 768 graui
1041 675 1171 753 uulnere
1197 688 1298 756 icbrm

217 805 260 850 ex
287 806 368 874 equo
397 787 596 855 delabentem
618 789 772 875 uiderant,
794 792 962 875 opinantes
984 792 1026 858 ad
1046 785 1144 877 pedes
1165 794 1297 860 descen-

217 889 293 956 dere
314 893 440 959 iussisse
468 895 629 962 consulem
651 896 814 962 desiluisse
837 918 877 962 ex
900 897 987 985 equis
1010 919 1049 962 ac
1071 898 1203 982 pedibus
1224 921 1297 966 cum

216 997 309 1064 hoste
336 1021 491 1084 pugnasse
519 1001 608 1067 addit
634 1002 719 1080 XVI,
750 1003 810 1068 28:
841 999 919 1070 idcio
940 999 992 1070 δ’ὁ
1011 1003 1148 1089 Ἀννίβας
1176 1005 1295 1086 ,,Τοῦτ’

218 1102 282 1192 ἔφη
305 1107 428 1188 μᾶλλον
448 1105 638 1198 ἠβουλόμην
662 1107 686 1198 ἠ
701 1110 731 1176 εἰ
748 1113 938 1194 δεδεμένους
960 1112 1177 1196 πορέλαβοο.“
1206 1107 1295 1178 Ἀλλὰ

216 1213 315 1277 ταῦτα
336 1209 398 1295 μὲν
420 1215 452 1278 οἱ
474 1211 528 1290 τὰς
556 1212 731 1300 διεξοδικὰς
754 1213 938 1304 γράψαντες
961 1218 1098 1304 ἱστορίας
1119 1218 1293 1305 παρηγγέλ-

216 1333 300 1382 naec.
346 1319 476 1403 opponit
502 1321 598 1404 igitur
624 1323 653 1388 ei
682 1343 775 1410 quem
808 1322 1006 1407 potissimum
1040 1321 1154 1388 ducem
1181 1323 1295 1388 habuit

217 1421 357 1507 alterum
379 1432 539 1493 auctorem
561 1448 693 1516 eumque
713 1429 923 1513 prolixiorem.
968 1429 1033 1494 iam
1059 1450 1135 1495 uero
1161 1430 1294 1495 Fabium

216 1527 377 1596 Pictorem
396 1531 587 1616 'primarium
618 1533 771 1603 habentes
805 1541 966 1601 auctorem
994 1536 1064 1625 quis
1091 1536 1187 1604 fixerit
1213 1537 1295 1602 alter
1375 1564 1379 1572 ¹

216 1641 328 1702 auctor
352 1659 416 1702 non
438 1637 565 1706 difficile
588 1640 700 1706 estad
729 1641 951 1726 indagandum.
994 1664 1069 1708 nam
1090 1665 1161 1708 cum
1183 1643 1293 1708 eadem

215 1742 317 1807 uerba
339 1743 523 1810 Hannibalis
546 1746 632 1830 apud
654 1746 780 1812 Liuium
802 1746 919 1834 (XXII,
942 1747 996 1827 49,
1019 1749 1055 1834 3)
1077 1749 1292 1816 inueniantur:

216 1851 308 1926 „tum
335 1849 531 1917 denuntianti
559 1851 683 1922 cuidam
716 1853 843 1918 iussisse
877 1855 1035 1920 consulem
1057 1855 1099 1921 ad
1119 1857 1214 1941 pedes
1236 1856 1292 1922 de-

215 1955 367 2022 scendere
390 1958 521 2044 equites,
544 1957 659 2024 dixisse
682 1951 895 2026 Hannibalem
916 1960 1031 2040 ferunt,
1050 1984 1145 2051 quarn
1166 1965 1292 2032 mallem

214 2061 339 2128 uinctos
367 2063 444 2128 mihi
472 2063 644 2142 traderet,“
672 2064 727 2129 uix
750 2064 896 2142 ¹dubitari
921 2088 1014 2150 posse
1041 2074 1188 2152 putamus
1216 2072 1291 2160 quin

213 2169 319 2252 ipsum
339 2169 464 2236 Liuium
485 2169 546 2235 illis
568 2170 672 2236 uerbis
695 2170 904 2256 designauerit
925 2173 1122 2240 Plutarchus.
1174 2197 1212 2241 ao
1234 2199 1291 2243 suo
1395 2252 1396 2255 Ἴ

213 2274 284 2340 iure
310 2276 392 2340 Liuii
418 2277 580 2343 historiam
607 2278 808 2362 prolixiorem
824 2278 857 2365 ¹⁸)
885 2279 981 2344 fuisse
1002 2300 1098 2367 quam
1119 2282 1211 2347 Fabii
1235 2283 1290 2349 Pi·.

214 2382 311 2449 cteris
333 2384 463 2449 annales
486 2384 589 2450 dicere
609 2385 732 2471 potuit„
766 2405 868 2474 neque
896 2385 988 2451 aliter
1008 2387 1042 2451 in
1063 2389 1130 2453 uita
1150 2389 1291 2456 Marcelli
1395 2398 1396 2476 i

199 2489 389 2556 narrationi
417 2512 493 2555 suae
513 2492 738 2557 memorabilia
767 2491 922 2580 quaedam
942 2489 1041 2572 uerba
1063 2494 1145 2559 Liuii
1167 2497 1295 2564 nomine

214 2597 283 2662 eius
306 2599 450 2682 apposito
473 2595 624 2663 annexuit
647 2597 698 2685 (cf.
723 2597 819 2662 Marc.
843 2596 899 2675 XI,
922 2598 982 2675 223
1014 2598 1128 2679 XXIV,
1151 2603 1219 2687 20).
1263 2605 1291 2668 si

213 2724 291 2771 uero
312 2726 376 2769 non
398 2704 531 2771 Fabium
553 2704 608 2770 sed
630 2704 756 2770 Liuium
777 2705 961 2788 primarium
983 2713 1142 2773 auctorem
1165 2710 1290 2776 Plutar-

215 2812 268 2878 cbi
295 2812 390 2877 fuisse
418 2813 559 2896 posueris
582 2811 845 2899 quemadmodum
866 2812 965 2878 uerba
986 2814 1041 2877 illa
1061 2814 1289 2899 interpretabe-

213 2918 279 2983 ris?
323 2938 398 2983 narn
426 2940 481 2983 cur
508 2922 545 2983 ut
572 2924 678 3001 cetera
704 2940 769 2984 non
789 2920 867 2984 item
889 2919 1007 2983 dictum
1028 2899 1115 2985 illud
1129 2922 1213 3008 quod
1235 2921 1289 2988 iis-

213 3024 288 3089 dem
315 3024 419 3090 uerbis
447 3025 557 3091 Liuius
588 3026 715 3091 exhibet
744 3048 784 3091 ex
812 3047 849 3091 eo
870 3027 1028 3110 petiuerit,
1052 3024 1108 3091 sed
1129 3028 1171 3091 ad
1193 3028 1289 3094 alium

213 3136 373 3195 auctorem
394 3133 613 3215 prouocauerit
634 3154 698 3196 non
721 3132 920 3215 intellegitur.
972 3138 1066 3220 atque
1090 3134 1158 3221 quis
1181 3139 1290 3200 auctor
1303 3109 1397 3205 W

213 3233 348 3321 amplius
379 3258 474 3325 quam
513 3237 622 3302 Liuius
656 3236 773 3303 bellum
806 3238 1049 3304 Hannibalicum
1081 3240 1289 3323 exposuerat?
1375 3226 1397 3261 ”·

212 3344 320 3431 itaque
348 3344 561 3409 existimamus
589 3344 691 3432 *etiarn
719 3345 803 3409 hunc
829 3346 933 3410 locum
962 3351 1088 3411 nostrae
1116 3347 1290 3411 sententiae

212 3590 426 3606 nra-m
499 3584 503 3595 ¹

319 3717 343 3781 'l
362 3716 516 3783 Quamquam
533 3732 582 3769 non
599 3719 681 3769 minus
699 3721 760 3785 quot
776 3716 846 3770 libris
864 3718 990 3771 bubdam
1008 3733 1078 3769 suam
1094 3717 1288 3782 comprehende·

211 3808 245 3857 rit
267 3804 360 3857 Fabius
382 3806 467 3871 Pictor
489 3820 563 3871 quam
587 3806 620 3856 ed
644 3820 718 3872 quem
742 3822 833 3857 annum
856 3823 911 3858 earn
934 3807 1080 3873 produxerit
1098 3808 1222 3857 incertum
1245 3811 1289 3866 est,

211 3896 294 3945 umen
313 3908 378 3953 eum,
402 3895 445 3960 qui
462 3894 578 3959 princeps
595 3892 762 3945 Romanorum
779 3893 812 3944 ad
835 3908 875 3946 res
899 3894 1091 3946 conscribendas
1109 3896 1221 3954 accessit,
1239 3910 1289 3945 non

211 3986 264 4034 tam
280 3970 404 4048 prolixam
422 3980 549 4033 historiam
568 3980 676 4033 edidisse
695 3996 770 4048 quam
781 3982 889 4039 Liuium.
908 3985 949 4034 cni
966 3987 1002 4035 tot
1018 3988 1044 4034 ct
1059 3986 1110 4034 tam
1127 3984 1192 4032 uarii
1211 3997 1289 4033 anna-

211 4070 249 4122 les
270 4073 369 4137 praesta
391 4073 462 4121 erant
483 4072 508 4121 et
531 4071 575 4136 qui
598 4069 630 4120 de
648 4084 698 4121 uno
716 4068 783 4121 bello
802 4070 970 4122 Hannibalico
988 4071 1075 4137 decem
1093 4068 1169 4121 libres
1188 4084 1289 4134 compo-

212 4162 271 4221 suit,
297 4174 353 4211 cum
374 4174 415 4211 ras
437 4162 493 4225 ipsa
510 4158 584 4211 decet
600 4163 652 4211 tum
670 4162 774 4211 testatur
791 4158 860 4211 locus
877 4160 979 4226 qnidam
996 4157 1080 4217 Gellii,
1097 4158 1167 4209 iicet.
1186 4155 1238 4208 Aa
1256 4156 1288 4215 V,

211 4248 237 4309 4,
255 4266 271 4301 e
289 4263 338 4316 quc
356 4250 506 4315 perspicitur
522 4264 589 4315 quae
600 4249 667 4299 Liuii
678 4248 743 4300 libro
754 4252 825 4300 sexto
844 4250 1001 4300 continentur
1018 4260 1049 4297 ea
1066 4248 1092 4296 in
1110 4244 1182 4295 Fabii
1201 4249 1289 4310 quarto

211 4339 351 4403 comoripta
372 4335 459 4389 faisse.
509 4341 643 4422 utrumque
671 4340 754 4389 subm
786 4354 802 4388 a
829 4335 969 4403 primordiis
990 4334 1059 4386 urbis
1080 4332 1177 4381 initium
1199 4330 1290 4381 fecisse

210 4442 282 4479 nemo
301 4427 406 4491 ignorat.
