2950 4900
633 373 852 440 ..38..
990 363 994 383 ¹

208 603 323 682 nauus
340 584 495 652 aerius
509 583 618 652 ordino
631 605 788 652 remorum
802 590 889 651 actas
903 601 972 648 esse
986 581 1087 668 (VIII,
1103 581 1149 666 6).
1182 600 1282 668 quam

207 698 275 758 tam
307 692 465 776 copiosam
496 709 534 758 ac
564 691 682 760 claram
713 690 957 774 descriptionem·
983 686 1113 772 Polybii.
1127 687 1182 775 qui
1203 690 1283 750 ante

209 798 314 864 oculos
346 797 443 864 habet
472 801 509 862 ut
536 817 699 882 perperam
730 798 954 882 interpretetur
983 793 1065 860 fieri
1078 813 1142 860 uon
1162 797 1280 877 potest
1368 816 1369 821 ¹

207 904 315 992 itaque
341 923 467 970 necesse
488 909 537 969 est
557 909 594 970 ut
614 903 712 970 olium
732 902 919 970 Plutarchus
941 899 1086 967 habuerit
1107 905 1280 977 auctorem,

207 1010 262 1114 qpi
288 1015 475 1094 apparatum
502 1010 641 1076 Marcelli
670 1016 726 1076 aut
752 1011 829 1076 item
856 1030 894 1076 ac
919 1007 1104 1079 Plutarchus
1125 1011 1182 1072 aut
1203 1006 1281 1071 stui-

207 1114 282 1180 otim
312 1135 351 1180 ao
381 1116 484 1181 minus
513 1116 596 1182 clare
626 1116 833 1201 descripserit,
864 1120 901 1180 ut
921 1114 1011 1180 illum
1029 1133 1133 1179 errore
1153 1112 1280 1196 lapsum

207 1239 276 1286 esse
306 1221 410 1305 putari
443 1222 551 1306 possit
604 1221 726 1288 accedit
756 1220 841 1310 quod
876 1220 957 1286 alter
987 1239 1084 1286 naues
1109 1240 1175 1284 una
1204 1240 1279 1286 oum

207 1325 353 1392 machina
390 1327 446 1392 illa
490 1327 656 1394 sambucae
693 1327 829 1412 speeiem
868 1325 1048 1412 praebuisse
1077 1325 1159 1412 (Pol
1190 1324 1278 1402 vul,

208 1431 262 1518 6),
284 1433 365 1498 alter
386 1431 487 1518 ipsam
519 1435 695 1500 machinam
719 1433 887 1500 sambucae
919 1433 1052 1498 similem
1072 1432 1168 1498 fuisse
1199 1431 1277 1497 dicit

189 1538 305 1626 l(Plut.
328 1539 396 1618 XV,
428 1539 495 1626 20).
551 1561 589 1606 ac
621 1542 648 1606 si
669 1545 755 1607 recte
776 1540 901 1606 Liuium
922 1539 1044 1624 Polyhii
1064 1539 1276 1604 nmrationem

207 1644 271 1710 fere
305 1645 459 1730 integram
499 1647 644 1714 exhibere
681 1649 858 1726 statuimus,
889 1648 1021 1713 fortasse
1050 1646 1212 1712 Plutarchi
1241 1653 1276 1712 st

205 1751 328 1837 Polybii
359 1752 525 1820 ᾶιεοιιιιιοιι
555 1755 795 1820 existimandum
823 1759 885 1832 est,
920 1753 1005 1842 quod
1032 1753 1141 1821 Liuius
1175 1752 1275 1832 XXV,

206 1858 250 1925 23
273 1863 302 1942 §-
326 1859 346 1924 3
381 1859 457 1925 dicit
484 1866 616 1940 turrem,
639 1862 729 1926 iuxta
757 1881 851 1949 quam
874 1860 1008 1926 Romam
1027 1881 1152 1925 murum
1172 1866 1275 1926 hane

206 1965 406 2044 scandebant,
437 1968 588 2034 intentius
615 1969 805 2034 custoditam
837 1988 915 2044 esse,
937 1953 1136 2033 Plutarchus
1170 1971 1276 2032 autem

206 2070 322 2149 XVIII,
350 2073 393 2138 13
419 2078 538 2139 turrem
565 2074 697 2140 eaodem
717 2073 873 2159 praesidio
888 2073 1057 2139 >defensam
1078 2094 1147 2139 esse
1167 2073 1274 2140 tradit
1356 2113 1360 2121 ·

205 2176 313 2264 itaque
340 2177 367 2242 si
395 2197 453 2244 nec
478 2178 587 2246 Liuius
614 2199 673 2245 nec
698 2178 847 2264 Polybius
868 2179 938 2246 fons
959 2179 1020 2245 fuit
1039 2180 1210 2258 Plutarchi,
1229 2180 1274 2248 ai-

205 2281 416 2349 militudinum
445 2305 525 2372 quae
548 2285 610 2350 alia
627 2305 700 2350 csse
726 2291 834 2369 potest
859 2306 956 2351 causa
976 2306 1073 2373 qnam
1094 2284 1178 2350 idem
1197 2291 1232 2351 et
1253 2307 1275 2352 a

204 2386 334 2473 Polybio
365 2393 398 2454 et
430 2410 451 2457 a
484 2389 651 2458 Plutarcho
682 2395 850 2476 usmpatus
876 2396 999 2471 auctu,
1027 2411 1121 2480 quem
1141 2391 1275 2458 Fabium

205 2494 360 2563 Pictorem
388 2517 457 2563 esse
484 2518 579 2581 supro
606 2496 816 2581 probauimus.
846 2534 889 2545 -
918 2502 974 2563 aut
994 2497 1094 2582 ipsius
1114 2497 1275 2563 Plutarchi

206 2598 367 2667 doctrinae
381 2602 531 2669 aut-aliis
552 2601 691 2669 lontibus
713 2600 902 2685 ass'gnanda
923 2607 997 2668 suot
1018 2623 1099 2690 quae
1116 2603 1162 2669 de
1182 2602 1275 2669 disci·

204 2706 291 2791 pliua
324 2709 505 2775 mechanica
536 2714 570 2775 et
603 2709 798 2793 praestantia
829 2709 1032 2791 geometriae,
1064 2709 1105 2774 de
1137 2709 1274 2775 moribus

204 2812 374 2901 disdnoque
404 2815 527 2899 ingenio
559 2814 754 2881 Archimedis
787 2814 960 2899 disputaoit
993 2814 1092 2902 (XIV,
1115 2814 1274 2892 ·21-60;

204 2919 310 2998 XVII,
340 2920 494 3006 16-47).
539 2940 557 2986 e
584 2920 680 2987 uariis
703 2920 882 2990 amomum
904 2920 1154 2986 namahunculas
1175 2921 1272 2996 inter·

204 3025 279 3093 lecti
298 3047 322 3091 a
342 3025 442 3093 milite
462 3025 604 3095 Romame
625 3024 821 3092 Archimedis
843 3025 1034 3109 congessisse
1055 3024 1190 3093 uidetur.
1222 3029 1274 3092 at-

203 3151 267 3221 que
286 3134 422 3217 primam
440 3146 549 3200 earum
562 3133 661 3201 Fabio
671 3132 793 3199 Pictori
809 3132 916 3199 deberi
935 3132 1119 3218 uerisimile
1139 3138 1273 3211 estoc-

203 3245 342 3309 tsrarum
370 3245 476 3309 autem
504 3246 647 3307 auctores
674 3240 729 3328 qui
755 3240 873 3306 haunt
903 3238 1035 3305 indicari
1067 3248 1132 3304 non
1156 3243 1273 3323 potest,
1371 3289 1372 3312 ,

203 3345 278 3435 quie
305 3346 359 3434 qui
385 3346 558 3413 accuratius
585 3345 625 3413 de
654 3350 755 3411 morte
781 3343 975 3411 Archimedis
1003 3349 1134 3428 egemnt
1153 3343 1272 3431 (Valet.

202 3454 287 3521 Mar.
310 3454 395 3532 VIII,
431 3452 872 3541 tsxt.7;·20nm.1X‚-5;
900 3452 940 3519 ef.
962 3451 1064 3519 Tacta.
1085 3450 1195 3534 fragm.
1218 3469 1271 3517 eu·

202 3580 261 3645 pra
281 3560 459 3646 laudatum)
480 3581 552 3627 cum
573 3560 661 3625 nulla
681 3559 870 3644 conspirant.
925 3579 1006 3647 quae
1029 3557 1210 3646 (capilli)
1231 3557 1272 3623 de

203 3666 293 3733 Nicia
315 3672 514 3751 exponuntur
535 3686 553 3733 e
573 3664 740 3734 Posidonio
761 3686 831 3732 esse
850 3670 977 3750 sumpta
998 3665 1066 3750 ipse
1084 3660 1272 3733 Plutarchus

202 3773 359 3859 professus
382 3778 438 3839 cst.
630 3818 633 3834 .
925 3808 929 3815 ·

293 3879 355 3947 Ut
376 3884 471 3947 antea
487 3878 568 3947 item*
585 3878 618 3945 ln
641 3878 678 3945 iis
701 3898 783 3967 quae
801 3883 950 3945 secunttu
969 3875 1124 3962 capitibus
1145 3877 1183 3945 iu
1201 3876 1271 3943 umi-

191 4004 329 4051 suersum
357 3985 512 4053 consentit
533 3984 720 4053 Plutarchus
740 4005 813 4051 cum
840 3984 941 4062 Liuio,
963 3984 1017 4071 qui
1040 3983 1124 4049 solus
1145 3982 1270 4049 mdem

201 4108 252 4157 res
273 4089 369 4173 paulo
390 4090 524 4175 amplius
547 4089 697 4157 nunaut
743 4088 927 4155 Marcellum
949 4088 1140 4155 ornamentis
1162 4093 1270 4174 capta·

202 4215 272 4261 rum
293 4193 515 4278 Syracusarum
542 4194 758 4278 pulcherrimis
784 4194 916 4260 Romam
939 4192 1112 4278 deportatis
1137 4195 1271 4279 primum

203 4298 360 4367 Romanos
388 4300 579 4367 Graecarum
600 4300 715 4365 artium
736 4299 960 4385 opera-mirari
979 4298 1134 4376 docuisse,
1155 4299 1271 4366 molto·

206 4424 274 4469 rum
295 4411 401 4471 autem
422 4404 573 4473 inuidiam
587 4405 646 4471 sibi
662 4405 863 4483 commisse,
885 4411 1046 4493 umquam
1065 4404 1183 4473 ciuium
1203 4405 1271 4475 aci·
