2950 4900
620 359 839 426 ..ῃ-

194 592 295 655 neque
321 591 342 636 a
370 570 499 656 Polybio
526 591 627 654 neque
654 591 675 636 a
702 571 794 636 Liuio
821 567 1023 634 Plutarchum
1048 569 1185 654 pendere
1213 567 1268 635 de·

193 679 479 757 monstrauerimus,
503 678 742 744 similitudinum
764 698 843 762 quas
864 676 1021 742 intereos
1043 682 1151 742 extare
1173 699 1267 762 supra

192 783 371 850 notauiinus
399 805 481 868 quac
510 785 574 850 alia
600 789 706 868 potest
732 784 829 848 fuisse
857 803 952 848 causa
978 802 1074 865 quam
1096 783 1267 848 communis

193 889 233 957 ab
257 889 402 956 omnibus
424 887 585 955 adhibitus
604 889 696 954 fons?
726 888 782 954 ssd
802 887 864 953 hoc
887 888 1043 952 communi
1063 885 1151 954 fonte
1173 908 1267 973 quem

192 996 325 1062 Fabium
352 997 507 1061 Pictorem
534 995 630 1062 finisse
659 1016 755 1080 supra
774 995 977 1080 probauimus
999 995 1123 1062 diuersa
1144 997 1266 1061 ratione

192 1103 242 1168 usi
263 1107 346 1181 sunt,
369 1124 440 1168 cum
461 1101 609 1186 Polybius
632 1123 715 1185 quae
737 1101 778 1167 ab
801 1121 838 1167 eo
860 1106 988 1166 narrata
1004 1102 1265 1208 ⁸erant'oorrexit,

192 1209 300 1274 Liuius
329 1209 390 1274 alia
420 1230 459 1272 cx
480 1207 549 1273 aliis
571 1208 709 1275 fontibus
732 1207 906 1273 admiscens
929 1207 1119 1286 obscuranit,
1140 1207 1266 1273 Plutar-

193 1315 269 1382 chus
290 1335 368 1400 pure
390 1319 485 1398 atquc
507 1316 626 1399 integre
647 1314 788 1380 reddidit
800 1315 951 1380 nonnulla
971 1314 1104 1379 fortasse
1125 1318 1265 1400 praeter-

192 1421 320 1486 mittens
341 1421 420 1487 nihil
442 1441 517 1486 uero
540 1420 665 1486 aliunde
686 1421 884 1505 adspargens.
923 1425 1020 1504 atqua
1041 1420 1088 1484 ita
1106 1441 1175 1485 rem
1196 1439 1265 1493 esse

191 1526 277 1592 haud
298 1528 362 1592 scio
384 1549 426 1592 an
447 1525 609 1592 confirmat
637 1527 732 1592 etiam
754 1526 926 1610 Appianas,
949 1546 1043 1609 quem
1063 1525 1119 1591 ubi
1138 1525 1264 1590 Plutar-

192 1633 267 1699 chus
296 1655 316 1698 a
342 1635 433 1700 Liuio
461 1639 518 1699 aut
544 1633 674 1719 Polybio
703 1633 849 1698 dissentit
879 1633 1063 1716 plerumque
1091 1652 1163 1696 cum
1189 1631 1263 1695 Plu·

192 1740 301 1805 tarcho
332 1741 511 1824 conspirare
538 1739 699 1805 audeamus
727 1759 883 1823 quomque
904 1744 1030 1823 praeter
1051 1738 1160 1816 multa,
1182 1757 1264 1820 quac

193 1866 289 1930 supra
310 1845 438 1911 modum
463 1846 605 1910 ueritatis
633 1851 726 1911 aucta
754 1865 822 1910 csse
843 1849 940 1928 atque
961 1864 980 1908 e
1000 1844 1107 1928 prauis
1125 1843 1263 1909 fontibus

192 1972 336 2018 manasse
369 1952 493 2030 eminet,
525 1973 590 2017 non
621 1972 694 2017 raro
726 1971 820 2016 ueras
841 1947 932 2016 Fabii
959 1933 1093 2016 Pictoris
1113 1950 1264 2035 reliquias

193 2077 333 2122 seruasse
362 2057 539 2123 dixerimus.
588 2057 743 2122 consentit
769 2056 852 2121 enim
878 2055 995 2142 (Hann.
1024 2055 1077 2134 14,
1106 2055 1163 2142 15)
1191 2077 1264 2121 cnm

192 2162 359 2227 Plutarcho
393 2161 432 2226 do
464 2163 525 2228 loci
558 2167 672 2228 natura
700 2168 732 2228 et
766 2161 952 2227 Hannibalis
974 2161 1200 2246 desperatione,
1222 2163 1263 2228 de

192 2269 260 2334 loco
283 2289 345 2351 quo
367 2273 470 2334 castra
492 2269 653 2334 constituit
673 2268 790 2334 Pabius
812 2273 846 2333 et
867 2267 906 2332 de
927 2289 1055 2333 numero
1078 2289 1186 2333 eorum
1208 2269 1262 2352 qui

192 2375 306 2439 saltum
334 2373 558 2440 custodiebant.
590 2374 709 2461 pariter
730 2379 826 2459 atque
849 2394 956 2439 omnes
975 2373 1118 2446 fraudem
1139 2375 1261 2440 Hanni·

191 2482 271 2549 balis
294 2482 449 2548 describit.

295 2589 463 2671 Pergamus
495 2588 611 2653 relicua
643 2587 844 2671 perlustrare,
871 2606 953 2669 quae
980 2586 1132 2651 dictatore
1160 2585 1259 2653 Pabio

190 2695 327 2761 Maximo
358 2700 448 2779 gesta
480 2714 547 2759 esse
579 2700 725 2759 narratur
758 2694 854 2779 (Plut.
882 2692 1085 2769 VII—XIII3
1114 2692 1180 2757 Pol.
1202 2692 1259 2770 111,

154 2858 160 2876 ,
192 2800 382 2878 101-105;
404 2800 472 2865 Liu.
488 2800 590 2879 XXII,
606 2800 762 2885 23-30).
807 2820 846 2864 ac
866 2798 906 2864 de
930 2800 968 2865 iis
990 2804 1143 2883 quantum
1163 2798 1260 2864 iidem

190 2912 255 2975 tros
282 2913 424 2974 auctores
452 2909 535 2972 inter
562 2927 596 2972 se
626 2907 805 2991 conspirent
831 2907 944 2971 mirum
972 2926 1040 2971 esse
1069 2905 1122 2989 qui
1150 2905 1263 2989 legerit

191 3034 244 3080 eos
265 3035 329 3082 non
350 3013 485 3097 negabit.
519 3034 595 3079 nam
611 2998 822 3096 'quaecunque
844 3011 971 3079 exhibet
986 3010 1133 3095 Polybius
1156 3011 1263 3076 omnia

189 3121 296 3205 paucis
324 3122 357 3185 in
389 3125 556 3205 angustum
590 3118 705 3184 coactis
740 3117 824 3203 apud
851 3117 1054 3183 Plutarchum
1080 3117 1261 3201 reperimus.

190 3224 415 3310 discrepantiae
443 3224 555 3311 dignae
583 3246 664 3310 quae
688 3231 837 3291 notentur
860 3226 965 3291 nullae
987 3229 1160 3290 occurrunt.
1205 3221 1262 3289 affl

191 3353 261 3397 oum
282 3331 430 3417 Polybius
447 3332 580 3398 Fabium
602 3331 687 3397 domi
709 3329 976 3396 criminationibus
998 3330 1084 3413 uulgi
1107 3330 1262 3413 agitatum

190 3458 268 3516 esse,
296 3438 466 3503 Minucium
494 3437 534 3504 ab
555 3438 685 3502 interitu
698 3437 1023 3503 retractumferocam
1043 3427 1182 3501 animum
1203 3435 1262 3502 ab·

189 3545 298 3611 iecisse
319 3550 352 3609 et
373 3544 430 3609 sub
452 3544 617 3628 imperium
630 3543 721 3610 Fabii
742 3544 882 3622 rediisse,
907 3563 946 3609 aa
968 3563 1049 3626 quae
1070 3542 1262 3627 amplissime

189 3650 360 3717 illustrauit
380 3650 575 3726 Plutarchus,
598 3649 652 3714 uix
674 3648 904 3733 siguificauerit,
927 3649 1033 3714 omnia
1055 3653 1162 3713 autem
1184 3668 1262 3713 con·

190 3758 325 3823 sentiens
354 3778 425 3826 cnm
448 3754 616 3820 Plutarcho
644 3756 823 3839 exposuerit
849 3755 968 3834 Liuius,
995 3753 1086 3820 uobis
1108 3775 1171 3819 non
1192 3759 1262 3819 tam

190 3862 230 3928 dc
251 3862 382 3947 Polybio
405 3882 500 3946 quam
522 3860 563 3925 de
583 3859 675 3925 Liuio
698 3860 911 3945 quaerendum
924 3880 992 3926 esse
1013 3861 1047 3925 in
1069 3864 1179 3943 aperto
1201 3864 1260 3926 est

189 3974 285 4053 atque
308 3969 404 4034 totius
427 3966 612 4031 narrationis
634 3965 716 4033 ratio
738 3972 806 4031 tam
827 3967 1005 4032 estsimilis
1027 3965 1112 4049 apud
1133 3966 1262 4031 Liuium

189 4079 222 4141 et
252 4073 464 4151 Plutarchum,
497 4077 534 4138 ut
567 4072 622 4155 qui
654 4072 823 4138 Plutarcho
854 4073 980 4138 Liuium
1011 4072 1131 4137 fontem
1163 4071 1262 4137 fuisse

188 4179 435 4245 existimauerint
456 4198 520 4244 non
542 4176 702 4242 aberrasse
724 4178 903 4244 coniectura
917 4176 1090 4242 uideantur.
1113 4175 1169 4256 sed
1190 4196 1262 4241 osse

151 4366 153 4373 Α
189 4289 336 4370 putamus
363 4304 444 4369 quae
478 4283 604 4350 obstent
636 4282 709 4348 huic
737 4283 883 4368 opinioni.
933 4282 974 4347 de
999 4301 1148 4367 prospero
1175 4282 1261 4349 enim

189 4390 358 4455 certamine
379 4388 508 4455 Minucii
531 4373 652 4455 etiamsi
679 4386 764 4455 idem
785 4389 924 4455 sentiunt
945 4388 1029 4453 insta
1049 4388 1118 4453 acic
1138 4393 1172 4453 et
1193 4389 1259 4455 ool·
