2950 4900
208 1191 255 1255 „ga

323 1231 408 1350 llum
428 1285 627 1351 manifestum
649 1285 700 1364 sit,
723 1305 830 1352 omnes
858 1304 963 1350 aarum
980 1288 1138 1369 gestarum
1160 1288 1292 1372 scriptu

218 1411 267 1456 res
289 1411 330 1456 ex
351 1391 531 1458 auctoribus
556 1393 591 1458 in
613 1392 748 1458 historia
768 1392 993 1459 conscribenda
1015 1391 1163 1459 adhibitis
1184 1414 1292 1472 unum,

219 1497 269 1562 cui
296 1517 374 1581 prae
402 1500 513 1565 ceteris
540 1499 636 1566 fidem
661 1499 837 1578 habebant,
864 1484 1068 1586 praecipuum
1095 1499 1207 1567 ducem
1232 1501 1293 1568 sibi

219 1603 357 1688 elegisse,
378 1605 412 1670 in
433 1606 657 1690 inuestigandis
678 1625 787 1672 eorum
807 1605 947 1672 fontibus
962 1612 1036 1672 ante
1051 1607 1156 1673 omnia
1169 1602 1203 1673 id
1216 1607 1293 1674 mihi

218 1708 344 1776 uidetur
376 1710 531 1795 agendum
564 1731 643 1790 esse,
676 1718 714 1778 66
748 1712 942 1790 ostendatur,
976 1704 1293 1798 quampotissimum

218 1818 350 1902 quisquc
379 1824 538 1884 auctorem
566 1825 691 1886 secutus
720 1821 771 1886 sit.
816 1820 871 1903 qui
902 1825 1012 1886 auctor
1040 1820 1111 1904 quie
1138 1820 1233 1885 fuant
1258 1821 1293 1886 in

217 1925 292 1989 rutis
314 1923 405 1990 Fabii
426 1925 556 1990 Maximi
577 1931 610 1992 66
631 1925 789 2004 Marcelli,
817 1927 885 2012 ipsc
911 1925 1098 1992 Plutarchus
1125 1946 1190 1992 666
1210 1923 1292 1992 indi-

217 2036 278 2096 cat.
322 2051 397 2096 nam
418 2031 451 2096 in
472 2032 541 2096 uita
561 2031 652 2097 Fabii
673 2032 805 2097 Maximi
825 2038 953 2117 praeter
964 2032 1176 2112 Posidonium,
1199 2053 1293 2117 quem
1344 2081 1352 2090 -

216 2137 337 2203 fontem
356 2137 539 2222 primasium
561 2137 677 2204 habere
704 2157 764 2203 nos
791 2138 941 2203 historiae
969 2139 1036 2204 eius
1057 2138 1149 2223 longe
1170 2161 1191 2208 6
1211 2145 1292 2206 tcm-
1400 2222 1401 2231 ἵ

215 2241 344 2327 potibus
365 2241 440 2307 belli
461 2242 660 2308 Hanuibalici
686 2248 828 2308 remotae
853 2247 979 2322 uetant,
1007 2247 1165 2311 neminem
1191 2247 1292 2312 nomi-

216 2354 290 2426 nat,
324 2349 357 2413 in
385 2348 453 2412 uita
481 2352 588 2413 autem
616 2347 758 2414 Marcelli
785 2369 977 2433 quamquam
1004 2351 1121 2418 multos
1148 2355 1293 2421 auctores

216 2458 340 2524 laudnt:
363 2455 536 2542 Polybium,
552 2455 686 2534 Liuium,
702 2456 829 2534 Jubam,
844 2454 1022 2523 Oomclium
1035 2457 1199 2543 Nepotem,
1214 2458 1293 2526 Cae-
1401 2493 1403 2499 ·

218 2586 319 2630 sarem
339 2564 526 2647 Augustum,
556 2561 717 2628 Valerium
738 2558 922 2640 Maximum,
950 2561 1162 2643 Posidonium,
1185 2571 1292 2632 tamen
1400 2558 1403 2575 “

215 2671 294 2737 nulli
316 2692 455 2755 unquam
475 2674 584 2735 notam
604 2667 709 2746 addit,
738 2689 803 2752 qua
823 2669 958 2753 perspici
978 2669 1086 2754 possit,
1114 2691 1209 2754 quem
1234 2693 1294 2757 pa
1399 2711 1401 2729 .

214 2778 371 2842 tissimum
392 2781 516 2841 6666666
539 2775 588 2839 sit.
633 2774 742 2859 itaque
763 2795 835 2840 cum
855 2795 876 2839 a
896 2774 1065 2841 Plutarcho
1087 2775 1230 2845 destituti
1250 2779 1292 2843 si-
1401 2761 1403 2768 ⁵

214 2904 297 2962 muu,
320 2883 410 2949 nobis
434 2881 673 2965 confugiendum
701 2886 750 2947 est
779 2880 821 2947 sd
850 2887 971 2947 ceteros
993 2886 1146 2961 auctores,
1177 2883 1232 2967 qui
1253 2883 1293 2949 da

215 2989 302 3056 bello
316 2988 523 3057 Hannibalico
539 2988 738 3074 scripserumt,
761 3010 799 3055 ac
817 2989 1005 3074 comparatis
1026 2989 1065 3054 iis
1084 3011 1155 3055 cum
1168 2990 1293 3059 Plutar-

215 3094 278 3162 cho
299 3093 469 3160 uidendum
491 3099 549 3173 est,
571 3116 653 3186 quae
674 3096 813 3161 rationes
841 3096 925 3161 inter
951 3116 1005 3161 666
1032 3101 1065 3160 66
1090 3094 1294 3165 Plutarchum

213 3201 414 3267 intercedant
434 3208 469 3267 et
490 3200 567 3286 quid
589 3223 629 3268 ex
649 3202 689 3267 iis
703 3207 761 3267 666
781 3201 920 3267 lontibus
942 3222 1050 3267 eorum
1069 3201 1109 3267 de
1122 3202 1293 3271 Plutarcho

214 3309 317 3375 conici
337 3309 446 3393 possit
492 3328 555 3393 quo
578 3329 596 3374 6
614 3328 744 3374 numero
766 3308 1001 3391 diligentissime
1023 3309 1215 3374 excutiamus
1236 3328 1293 3374 ne·

214 3434 304 3480 cesse
322 3419 371 3479 est
392 3413 518 3481 Liuium
539 3420 572 3481 66
585 3414 761 3500 Polybimn,
784 3416 839 3499 qui
852 3413 1009 3479 ubcmime
1030 3414 1091 3480 hoc
1105 3414 1222 3481 bellum
1236 3414 1292 3481 dc-

213 3521 398 3607 scripseiint
428 3526 461 3586 et
489 3520 544 3607 qui
571 3542 634 3587 666
656 3520 758 3587 solum
780 3519 821 3585 ab
843 3520 912 3605 ipso
934 3519 1103 3587 Plutarcho
1126 3521 1294 3589 laudentur
1392 3536 1397 3589 ἑ

213 3630 331 3716 (comp.
353 3626 461 3713 Pelcp.
484 3633 517 3693 66
537 3626 633 3693 Marc.
658 3627 694 3715 1)
716 3626 774 3693 sed
795 3626 891 3694 etiam
911 3628 1026 3693 mirum
1046 3634 1199 3713 quantum
1218 3650 1294 3697 con-
1392 3622 1396 3705 j

213 3735 336 3821 spirent
356 3756 428 3801 cum
449 3754 496 3801 66.
540 3754 642 3818 neque
657 3754 733 3801 uero
756 3731 877 3817 neglegi
892 3732 1007 3801 debent
1021 3734 1129 3800 rehcui
1150 3741 1293 3802 66666666
1392 3734 1400 3756 '‘

212 3840 308 3907 huius
330 3840 414 3906 belli

320 3947 594 4034 Sedpriusquam
622 3946 663 4015 ad
690 3948 793 4033 ipsam
815 3947 1078 4031 comparationem
1098 3944 1292 4024 accedamus,

211 4050 301 4121 haud
324 4052 461 4121 alienum
483 4055 543 4121 erit
574 4055 614 4121 de
636 4077 745 4121 corum
766 4058 941 4132 auctorum,
964 4054 1019 4137 qui
1040 4052 1073 4118 in
1096 4074 1224 4119 censum
1236 4074 1294 4119 66-

212 4162 316 4241 niuut,
338 4160 479 4228 fontibus
502 4167 535 4228 et
556 4163 744 4229 auctoritate
765 4182 868 4247 pauca
888 4160 1033 4245 praefari
1070 4180 1110 4225 ac
1128 4158 1294 4244 Polybium

212 4266 343 4353 quidem
369 4267 403 4335 in
431 4288 539 4335 earum
561 4290 665 4335 rerum
691 4269 905 4335 Romanarum
932 4265 1137 4341 enarratione,
1160 4284 1292 4348 quartum

210 4374 281 4459 ipse
300 4372 441 4459 aequalis
463 4392 526 4439 non
548 4372 660 4452 fuerat,
683 4376 772 4461 (6666
792 4373 912 4439 rebeus
934 4371 1131 4437 historiamm
1153 4388 1227 4452 pars
1250 4368 1290 4433 ad
1310 4439 1403 4533 Δ

872 4479 900 4531 1·
