2950 4900
649 355 870 418 ...11-

218 579 317 654 gnare
338 566 373 633 in
394 571 506 653 aperto
528 567 570 632 sit
590 587 692 654 neque
719 586 886 654 perperam
911 566 1071 634 intellecto
1092 566 1223 654 Polybio
1244 588 1298 636 cn-

218 682 288 744 tam
308 696 377 742 esse
398 673 504 760 putari
524 672 632 758 possit,
655 673 729 760 quia
751 673 924 740 chrissima
944 679 1019 740 sunt
1039 674 1107 740 eius
1127 673 1227 740 uerba
1239 694 1298 740 ue·

219 801 282 872 que
304 781 401 850 semel
422 779 632 864 discrepantia
652 779 736 846 Liuii
758 784 891 864 apparet
912 779 969 846 scd
991 779 1034 846 ad
1054 780 1151 846 totius
1172 797 1304 866 pugnae·

188 937 192 943 -
218 887 462 973 descriptionem
481 885 627 970 pertinet,
649 904 712 951 non
734 905 753 950 e
780 885 911 971 Polybio
938 885 995 952 sed
1023 907 1063 952 ex
1084 886 1147 952 alio
1169 891 1298 953 auctore

218 994 398 1064 messuisse
424 991 626 1060 statuendum
653 998 710 1058 est
754 1013 793 1058 ac
819 1015 891 1060 urm
917 993 996 1059 haec
1021 993 1157 1078 regionis
1179 994 1297 1062 deseri·

217 1102 287 1188 ptio
309 1101 529 1188 copiarumque
550 1099 715 1166 collocatio
745 1100 843 1188 totius
864 1119 988 1184 pugnae
1015 1099 1233 1185 demptionis
1259 1106 1298 1168 ut

219 1211 274 1276 iho-
288 1208 391 1274 dicam
417 1205 654 1272 iirndamentum
682 1207 736 1284 sit,
764 1211 928 1291 praeterea
954 1227 1019 1274 non
1040 1227 1143 1292 pauca
1163 1213 1295 1275 annota-

218 1315 366 1392 uerimus,
393 1333 475 1401 quae
496 1317 553 1378 aut
574 1311 658 1378 solus
684 1312 794 1378 Liuius
822 1313 950 1379 exhibet
973 1318 1030 1379 aut
1055 1335 1199 1398 pugnans
1224 1335 1296 1382 cum

218 1420 349 1506 Polybio
361 1419 515 1504 exposuit,
525 1417 663 1484 dubitari
673 1440 737 1483 non
747 1424 853 1503 potest
868 1419 946 1507 quin
961 1418 1114 1486 lduiusiu
1123 1421 1297 1506 hacpugna

218 1525 426 1595 describenda
446 1525 576 1611 Polybio
598 1526 724 1592 omnino
747 1513 812 1591 hou
824 1547 901 1592 usus
915 1527 966 1605 sit,
989 1526 1206 1593 similitudines
1219 1548 1296 1594 uero

218 1658 238 1702 e
260 1634 417 1702 communi
437 1632 479 1698 ab
500 1638 633 1720 utroque
655 1631 797 1698 adhibito
815 1631 903 1699 fonte
916 1633 1106 1718 repetendae
1127 1635 1199 1700 mut
1222 1655 1296 1702 nam

217 1745 249 1810 si
269 1742 378 1808 liuius
394 1745 469 1805 ante
491 1738 596 1804 oculos
611 1738 774 1804 habuisset
794 1738 968 1824 Polybium,
990 1761 1055 1806 non
1075 1740 1146 1806 illas
1167 1743 1296 1808 minoris

217 1848 370 1916 momenti
390 1867 441 1912 res
455 1845 511 1912 sed
532 1846 637 1931 potius
658 1845 898 1912 fundamentum
918 1853 976 1913 aut
996 1853 1098 1915 totam
1111 1848 1295 1934 descriptio·

218 1975 294 2021 nem
315 1974 355 2020 ex
372 1973 410 2019 ec
432 1952 622 2036 sumpsisset
666 1951 754 2018 fonte
775 1973 852 2018 nero
873 1953 934 2019 hcc
955 1954 1046 2020 uana
1065 1956 1188 2020 ratione
1209 1962 1295 2022 uter-

218 2081 283 2150 que
308 2081 382 2125 usus
410 2065 466 2124 est
510 2060 619 2126 Liuius
646 2061 730 2124 enirn
756 2077 839 2148 quae
864 2062 988 2127 inuenit
1013 2062 1095 2129 nihil
1121 2066 1296 2149 suspicatus

217 2165 353 2234 credidit
374 2185 412 2231 ec
433 2165 601 2231 bonafide
622 2165 771 2244 reddidit,
793 2167 941 2253 Polybius
962 2175 1069 2235 autem
1090 2176 1127 2234 ut
1148 2177 1217 2236 erat
1231 2171 1296 2237 acri

218 2272 335 2340 iudicio
359 2273 550 2338 examinem
580 2277 627 2350 et,
655 2273 730 2361 quia
769 2273 837 2358 ipse
864 2267 951 2340 lacus
974 2275 1179 2342 Trasumenni
1201 2279 1296 2344 situm

217 2383 411 2449 lustrauerat
431 2379 572 2468 falsoque
594 2379 634 2445 ab
649 2386 778 2446 auctore
800 2403 856 2449 suo
879 2368 1069 2468 descriptum
1090 2403 1159 2450 csse
1180 2405 1294 2469 eogno-

219 2492 321 2567 uerat,
342 2487 520 2557 immotam
541 2507 579 2551 ac
601 2487 745 2551 correxit.

318 2593 402 2675 *Quis
428 2612 504 2658 uero
532 2598 581 2657 est
607 2591 658 2657 hic
685 2575 849 2681 utrinsoue
877 2594 1006 2659 auctor?
1035 2595 1068 2660 in
1090 2616 1217 2664 censum
1239 2618 1294 2664 ue-

216 2700 289 2767 nire
309 2704 440 2783 possunt
467 2699 627 2765 annalium
655 2698 836 2783 scriptores,
865 2700 920 2788 qui
941 2701 1063 2786 Polybii
1083 2704 1182 2769 aetati
1203 2711 1293 2771 ante·

218 2810 389 2883 cesserunt,
411 2810 445 2871 et
466 2804 587 2883 Graeci,
609 2806 664 2893 qui
677 2797 754 2871 'sese
775 2806 818 2872 ad
839 2805 957 2873 bellum
972 2807 1213 2877 Hanuibalicum
1226 2833 1293 2879 me-

217 2913 338 2979 moriae
364 2909 558 2995 prodendum
585 2910 795 2975 accinxenmt.
840 2932 879 2976 ac
900 2910 1037 2978 Graecos
1059 2914 1186 3002 quidem
1208 2914 1293 2983 Sosi·

218 3022 287 3087 lnm
308 3040 346 3085 ac
366 3016 537 3084 Chaeream
558 3038 622 3083 non
642 3016 769 3083 nouisse
789 3018 916 3084 uidetur
935 3018 1055 3099 Liuius,
1076 3021 1222 3106 Polybius
1243 3024 1293 3089 in·

219 3126 331 3211 dignos
353 3146 420 3191 esse
441 3124 532 3203 dicit,
562 3125 615 3212 qui
641 3124 792 3191 historiae
814 3125 980 3210 scriptores
1003 3126 1200 3213 appellentur
1221 3130 1292 3218 (III,

219 3233 290 3318 20).
334 3232 475 3298 similiter
495 3230 535 3297 de
557 3228 661 3297 Sileno
684 3231 886 3299 statuendum
908 3239 964 3298 est.
997 3254 1071 3299 nam
1092 3236 1130 3313 is,
1152 3243 1293 3320 praeter-

219 3360 316 3429 quam
342 3338 427 3427 quod
452 3338 598 3422 Polybius
632 3359 795 3425 nunquam
819 3339 916 3404 semel
942 3337 1051 3405 Liuius
1076 3339 1207 3427 (XXVI,
1233 3344 1294 3431 49)

220 3465 294 3511 eum
313 3442 462 3522 nominat,
483 3444 551 3509 iure
573 3448 679 3509 antem
706 3465 783 3508 num
808 3444 911 3528 ipsum
932 3446 1104 3529 inspexerit
1123 3448 1232 3515 liuius
1252 3472 1294 3517 an

220 3572 262 3617 ex
283 3550 344 3617 alic
364 3554 490 3615 auctme
511 3570 625 3615 nomen
653 3550 719 3615 eius
741 3551 987 3634 transscripserit
1014 3550 1152 3618 dubitari
1178 3560 1293 3639 potest,

219 3658 382 3726 historiam
404 3678 508 3735 suam,
536 3658 563 3722 si
591 3678 609 3722 e
636 3654 812 3741 fragmento
835 3679 854 3722 a
877 3656 1025 3724 Cicerone
1047 3656 1087 3723 de
1116 3658 1177 3725 diu
1200 3660 1226 3740 I,
1249 3662 1294 3729 24

218 3770 346 3835 seruato
373 3764 582 3831 coniectruam
615 3764 717 3831 lacere
750 3764 834 3842 lieet,
866 3783 954 3831 more
982 3764 1158 3833 Gaecorum
1179 3768 1294 3837 fabrilis

219 3877 435 3949 exornauerat,
457 3892 535 3959 quas
556 3872 698 3937 mrisisse
725 3869 838 3947 Caeliis
864 3871 1086 3939 miraculorum
1113 3876 1293 3943 emauhbus

220 4002 243 4047 a
267 3978 390 4064 Polybii
415 3977 539 4061 ingenio
567 3974 750 4043 abhoruisse
778 3998 905 4043 censere
934 3978 1092 4045 debemus.
1136 3981 1172 4046 L.
1195 3981 1292 4049 Cincii

220 4086 368 4154 Alimenti
389 4090 493 4151 autern
515 4088 548 4150 et
569 4084 661 4151 Acilii
690 4084 869 4151 Glabrionis
891 4085 978 4150 nrrlla
997 4085 1035 4150 fit
1056 4073 1175 4151 mentio
1197 4079 1293 4155 aPo·

220 4192 312 4280 lybie.
355 4190 397 4257 M.
419 4184 510 4257 Porci
532 4188 659 4257 Catonis
682 4190 816 4277 origines
844 4213 903 4257 nec
925 4192 1179 4259 commemorauit
1200 4192 1293 4280 Poly-

220 4298 289 4367 bius
316 4320 373 4365 uec
400 4298 524 4365 Liuium
551 4298 585 4365 in
612 4299 706 4365 tertia
735 4296 853 4364 decade
881 4298 1072 4365 consuluisse
1099 4300 1166 4365 ueri
1193 4302 1294 4369 simile

220 4411 270 4471 est
290 4404 342 4493 (cf.
367 4404 556 4471 Lachmann.
585 4405 615 4471 (1.
641 4406 662 4471 f.
690 4405 726 4471 L.
749 4406 798 4483 ll,
828 4407 894 4491 17).
944 4406 981 4473 A.
1009 4406 1160 4473 Postumii
1187 4406 1292 4475 Albini
