2950 4900
618 351 837 416 ..14.,
917 375 953 450 ι.

191 582 230 630 ex
260 583 298 628 eo
325 560 497 650 desumpsit
525 561 588 628 alie
616 582 655 628 ex
683 562 753 628 aliis
780 561 920 628 fontalrus
948 560 1131 630 admisoens.
1174 563 1266 631 Fabii
1382 614 1383 621 ,

190 677 297 736 eutem
317 669 481 736 historiam
509 689 579 735 eam
610 670 716 747 fuisse,
750 689 769 735 e
804 690 867 757 qua
900 674 1003 736 ortam
1020 690 1090 736 esso
1109 670 1213 738 fissam
1232 677 1266 737 et

190 778 348 866 oopiusam
374 776 458 841 Liuii
479 775 691 842 narrationem
717 775 824 863 putori
844 781 961 863 posset,
987 775 1154 862 Dionysius
1175 777 1265 844 Hali-

189 905 356 952 eamaseus
378 887 528 960 testatur,
550 883 658 971 quil,
682 882 702 947 6
726 881 860 949 Fabium
882 900 990 948 eorum
1016 888 1194 971 temporum
1214 903 1265 950 res

190 1010 323 1080 quarum
343 990 411 1077 ipse
431 990 571 1078 aequalis
592 991 703 1056 fuisset
729 995 876 1055 aoourate
897 1005 1060 1056 sufflasse
1081 989 1159 1056 dieit
1178 989 1264 1077 (eod

189 1119 252 1164 m
279 1095 316 1163 oe
344 1097 406 1164 etv
439 1095 563 1183 ἀνδρῶν
593 1094 740 1184 ἑκάτερος
767 1095 858 1182 ραι).
887 1101 920 1161 et
947 1078 1098 1181 unes),
1126 1086 1176 1171 οῖς
1203 1093 1266 1180 μα

191 1199 286 1278 αὐτὸς
308 1199 409 1288 ἔργοις
437 1207 626 1292 παρεγένετο
655 1201 709 1270 διὰ
737 1199 797 1293 τήν
831 1200 1000 1289 ἐμπειρίαν
1027 1202 1165 1289 ἀκριβῶς
1192 1202 1264 1271 ἀνέ-

189 1321 305 1396 γραψε,
328 1305 366 1375 τὰ
389 1306 426 1376 dd
448 1297 566 1395 ἀρχαῖα
586 1307 624 1376 τὰ
646 1306 724 1393 μετὰ
742 1305 802 1398 τὴν
827 1311 928 1376 κτίσιν
954 1310 1010 1398 τῆς
1030 1306 1155 1385 πόλεως
1175 1306 1263 1392 raud·

191 1435 275 1498 μενα
295 1416 522 1500 κεφαλαιωδῶς
545 1412 731 1499 ἐπέδραμε),
760 1434 819 1478 neo
848 1432 912 1479 non
939 1433 957 1478 e
985 1413 1167 1498 fragmentis
1193 1415 1265 1502 qui·

189 1517 322 1596 busdam
343 1521 538 1608 perspicitur.
596 1541 670 1586 nam
698 1540 781 1607 quae
807 1520 937 1598 Plinius,
965 1525 1030 1585 nat.
1052 1519 1125 1586 hiet
1152 1519 1193 1598 X.
1218 1521 1265 1586 24

183 1625 320 1692 ¹efferte
342 1627 440 1693 Fabio
462 1647 537 1692 sune
562 1626 710 1694 minutias
732 1647 801 1692 esse
823 1625 919 1692 dieas.
962 1632 1058 1714 atque
1080 1625 1165 1716 apud
1185 1626 1263 1693 Dio·

188 1734 310 1819 nysium
331 1733 403 1827 Hal.
426 1731 495 1811 vn,
520 1734 559 1798 71
583 1734 815 1800 eeeuratissime
828 1732 1097 1821 splendidissimus
1117 1732 1265 1800 ludorum

189 1845 358 1928 apparatus
381 1843 509 1904 auetore
529 1838 628 1904 Fabio
652 1837 837 1906 describitur
847 1838 889 1925 ²⁸).

244 1977 245 1982 κ
292 1944 350 2010 His
372 1945 547 2032 explanatis
570 1944 644 2033 quid
665 1944 706 2009 de
727 1945 896 2012 Plutaruho
929 1944 1131 2010 statuendum
1151 1943 1195 2010 sit
1212 1945 1263 2010 ui-

187 2049 324 2115 deamus.
377 2069 415 2115 ee
445 2049 574 2135 Polybio
602 2049 729 2138 quidem
756 2068 821 2116 non
846 2073 938 2118 usum
964 2071 1033 2116 esse
1059 2050 1265 2136 Plutarchum

186 2157 386 2222 manifestim
407 2161 464 2234 est,
488 2157 562 2244 quia
583 2171 648 2244 qna
668 2157 791 2223 ratione
810 2156 896 2224 faeta
918 2159 960 2223 sit
978 2141 1166 2240 ingensilla
1179 2162 1263 2222 stra·

186 2283 240 2345 ges
262 2281 303 2326 ne
324 2261 420 2328 uerbo
442 2261 570 2350 quidem
591 2268 745 2328 memorat
771 2299 817 2312 —-
845 2263 941 2330 immo
963 2283 982 2327 e
1001 2262 1108 2330 uerbis
1131 2263 1202 2350 (III,
1224 2262 1264 2348 8)

186 2367 270 2457 saepi*
280 2365 338 2459 τὴν
351 2369 554 2460 καλουμὰρν
571 2372 751 2459 Operosius
764 2370 880 2460 limo
895 2371 952 2460 τῆς
968 2365 1148 2460 Τυρρηνίας
1169 2391 1262 2458 παρ·

184 2472 347 2558 aurifero
380 2475 579 2562 (Pleminius)
608 2481 640 2542 et
667 2477 740 2564 (ΠΙ,
762 2475 821 2562 16)
842 2479 905 2543 τῶν
927 2470 1062 2544 ddum
1083 2481 1264 2562 τραπέντων

185 2580 267 2646 effici
288 2580 415 2647 uidetur
448 2603 519 2647 oum
552 2602 665 2672 pesum
689 2588 775 2648 recte
803 2582 843 2647 de
872 2603 912 2648 ea
938 2583 1073 2647 sensisse
1094 2613 1137 2631 -·-
1159 2602 1264 2670 neque

184 2686 249 2752 fere
268 2688 438 2775 quidquam
459 2686 552 2753 affert
573 2689 634 2757 nisi
655 2689 904 2755 mmatiunonlas
926 2688 1078 2776 quasdam
1099 2689 1143 2755 sd
1162 2694 1264 2755 tame.-

184 2794 310 2859 ritatem
332 2794 477 2859 Flaminii
505 2800 539 2859 et
566 2793 609 2859 ad
630 2794 718 2861 illam
734 2816 873 2883 pugnam
894 2800 1080 2883 spectantes,
1101 2814 1183 2884 quae
1204 2801 1265 2861 aut

183 2920 247 2965 non
278 2904 388 2965 extant
415 2897 500 2986 apud
529 2898 695 2984 Polybium
717 2906 774 2965 aut
801 2899 980 2987 discrepant
1006 2900 1048 2967 ab
1069 2920 1116 2967 eo.
1160 2921 1263 2989 aeque

184 3009 268 3073 enim
290 3028 327 3073 ao
347 3008 455 3073 Liuius
477 3006 584 3095 prodit
603 3006 707 3072 uirum
726 3005 888 3073 fortemin
902 3006 970 3071 acie
984 3027 1053 3073 sese
1066 3007 1262 3095 praestitisse

183 3114 379 3182 Flaminium.
438 3117 548 3179 eontra
583 3112 649 3179 fere
683 3113 790 3179 omnia
821 3132 903 3200 quae
935 3118 1044 3177 narrat
1074 3111 1262 3179 Plutarchus

183 3221 364 3309 conspuent
385 3240 456 3285 eum
475 3219 576 3285 Liuio.
620 3219 686 3297 sed,
712 3224 749 3284 ut
769 3220 834 3285 ium
855 3239 951 3307 supra
974 3238 1100 3287 oausam
1115 3217 1262 3284 similitu·

183 3326 291 3392 dinum
313 3325 397 3390 Liuii
419 3330 453 3390 et
472 3324 595 3411 Polybii
614 3324 855 3391 reeonditiorem
876 3345 945 3391 esse
965 3324 1112 3403 uidimus,
1132 3325 1180 3391 ita
1199 3324 1263 3392 hoo

176 3410 254 3498 ¹loeo
281 3430 457 3497 uouendum
484 3430 574 3497 nobis
597 3436 654 3510 est,
683 3451 724 3496 ne
753 3435 884 3497 extem
911 3431 1015 3519 speeie
1039 3429 1112 3495 falsi
1141 3435 1262 3497 temere

181 3536 384 3603 Plutamhum
417 3558 437 3603 a
469 3537 560 3602 Liuio
592 3537 729 3625 pendere
756 3539 976 3603 existimemus.
1033 3543 1130 3625 atquo
1160 3537 1207 3603 ita
1231 3540 1262 3603 si

181 3649 405 3723 statueremus,
428 3664 504 3709 sane
524 3644 638 3709 mirum
671 3649 755 3709 esset
788 3644 875 3732 quod
907 3642 1093 3709 Plutamhus
1133 3642 1262 3709 exhibet

182 3750 346 3839 quaedam,
368 3770 502 3838 quorum
524 3750 610 3838 apud
628 3749 753 3817 Liuium
771 3750 892 3815 nullum
912 3755 962 3815 est
981 3749 1155 3832 uestinum
1185 3770 1261 3827 sam

181 3854 399 3944 Sempronium
428 3855 588 3921 consulem
611 3855 700 3923 elude
723 3855 808 3943 apud
840 3855 987 3922 Trebiam
1007 3860 1138 3943 eocepta
1157 3876 1260 3945 aequo

287 4138 312 4205 'l
330 4139 405 4191 Hune
432 4139 503 4191 Fabii
530 4136 611 4192 loeum
638 4140 671 4193 ad
693 4136 755 4191 belli
777 4121 940 4191 Hannibalioi
961 4140 1073 4205 tempora
1090 4142 1204 4205 spectare
1227 4154 1259 4189 ao

180 4242 299 4294 peruerse
317 4244 333 4279 a
356 4228 476 4295 Dionysio
494 4228 528 4279 sd
550 4230 666 4295 antiquos
683 4226 744 4281 Aul
760 4227 883 4280 Postumii
910 4224 982 4278 ludos
1006 4224 1112 4277 relatum
1139 4240 1194 4278 esse
1212 4238 1258 4277 suo

181 4318 235 4367 iure
253 4316 359 4368 oonieeit
375 4314 508 4383 Kimmig,
527 4314 576 4377 „de
591 4316 695 4383 Dionys.
715 4304 774 4368 Hal
786 4316 961 4383 aadqultatam
972 4313 1116 4366 arentibus
1133 4314 1259 4373 Latinls.“

181 4404 239 4455 diss.
257 4406 337 4456 Bonn.
357 4405 427 4459 18⁶8
444 4421 468 4471 p.
491 4405 531 4458 14.
655 4418 661 4441 ·
