2950 4900
307 1661 432 1776 Restat
454 1709 493 1777 ut
512 1708 700 1778 disseramus
718 1709 757 1777 de
772 1710 810 1777 iis
832 1709 1021 1790 auctoribus,
1045 1732 1123 1796 quos
1144 1710 1270 1778 Plutar-

198 1813 277 1882 chus
304 1824 429 1902 praeter
455 1817 588 1884 Fabiam
615 1819 771 1884 Pictorem
799 1818 965 1884 consuluit.
1011 1838 1049 1884 ac
1071 1816 1270 1884 secundarios

197 1921 303 1989 fontes
325 1945 425 2010 aequa
447 1945 484 1989 ac
506 1924 688 2008 primarium
702 1924 821 1989 fontem
844 1923 878 1988 in
898 1930 1034 2010 utraque
1049 1913 1123 1989 'uita
1145 1921 1271 1989 eosdem

199 2029 298 2096 fnisse
325 2029 392 2096 ueri
420 2029 610 2097 simillimum
638 2037 694 2096 est.
745 2053 826 2116 quaa
854 2051 930 2097 uero
952 2052 992 2096 ax
1013 2029 1052 2096 iis
1074 2030 1272 2096 manauerint

199 2138 269 2221 ipse
290 2138 475 2203 Plutarchus
498 2129 554 2203 aut'
575 2135 752 2204 nominibus
768 2142 931 2203 anctorum
949 2137 1101 2223 appositis
1123 2142 1179 2202 ant
1200 2157 1271 2202 uer·
1332 2165 1335 2174 ’

199 2240 265 2307 bist
293 2241 372 2309 ἔνιοι
395 2245 434 2311 δέ
453 2262 563 2330 φασιν,
588 2242 688 2332 ἕτεροι
710 2242 772 2330 μὲν
794 2227 852 2313 οὖν
872 2246 1010 2328 λέγουσι,
1034 2245 1200 2330 ἱστορεῖται
1224 2240 1270 2326 δὲ,

200 2347 353 2415 similibus
386 2348 522 2423 indicare
553 2348 641 2415 solet.
698 2347 820 2415 addidit
850 2355 956 2414 autem
987 2348 1080 2414 rebus
1102 2348 1272 2438 secundum

183 2452 334 2521 vFabium
360 2454 522 2539 Pictorem
543 2454 676 2521 narratis
704 2460 746 2537 ut
769 2456 832 2521 iam
859 2477 954 2540 supra
976 2442 1194 2521 annotauimus
1217 2459 1273 2520 aut

199 2560 358 2627 diuersam
385 2562 477 2627 unius
505 2559 552 2627 rei
579 2561 696 2627 famam
724 2566 782 2626 aut
803 2560 1061 2639 narratiunculas,
1084 2562 1197 2645 quibus
1223 2560 1272 2626 in-

200 2667 293 2749 genia
321 2688 358 2731 ac
385 2688 488 2733 mores
510 2667 649 2732 uiromm
677 2667 832 2733 claranum
853 2666 1059 2746 illustrantur,
1080 2674 1137 2733 aut
1159 2689 1209 2733 ras
1231 2666 1273 2733 ad

200 2770 405 2856 antiquitates
433 2792 512 2856 quas
539 2772 664 2856 propria
691 2771 822 2837 dicimus
851 2777 1036 2859 spectantes.
1086 2794 1187 2859 nsque
1215 2795 1273 2840 au·
1301 2824 1308 2836 ,

200 2880 302 2942 atores
329 2898 347 2941 e
376 2876 488 2962 quibus
510 2898 548 2943 sa
569 2877 675 2943 hausit
695 2899 754 2945 nos
775 2879 920 2963 ignorare
942 2878 1051 2944 uoluit.
1097 2901 1172 2946 nam
1194 2880 1272 2946 duo-

200 2982 261 3049 bus
286 2984 363 3050 locis
390 2984 505 3051 multos
532 2985 689 3062 uominat3
717 3006 817 3071 comp.
845 2985 951 3070 Pelop.
980 2992 1012 3053 at
1033 2984 1129 3051 Marc.
1157 2986 1190 3064 I,
1217 2985 1272 3050 27:

196 3090 337 3175 Ἀννίβαν
351 3086 387 3156 δὲ
409 3088 607 3178 Μάρκελλος,
632 3086 673 3166 οἷς
695 3090 758 3177 μὲν
780 3094 813 3159 οἱ
835 3090 908 3180 περὶ
929 3088 1096 3177 Πολύβιον
1116 3094 1272 3192 λέγουσα,

200 3191 280 3264 οὐδὲ
302 3193 389 3279 ἅπαξ
411 3194 562 3285 ἐνίκησεν,
587 3194 654 3263 ἀλλ’
671 3194 823 3288 ἀήττητος
839 3192 859 3264 ὅ
873 3193 953 3288 ἀνὴρ
969 3200 1057 3264 δοκεῖ
1070 3200 1274 3281 διαγενέσθαι

200 3306 297 3387 μέχρι
319 3304 515 3391 Σκηπίωνος.
537 3298 631 3391 ἡμεῖς
658 3299 695 3368 δὲ
717 3306 838 3391 Λιβίῳ,
861 3306 998 3389 Καίσαρι
1018 3301 1071 3369 καὶ
1093 3306 1226 3370 Νέπωτι
1240 3301 1273 3387 *)

201 3406 255 3474 καὶ
287 3409 348 3473 τῶν
381 3403 570 3498 Ἑλληνικῶν
601 3411 644 3497 τῷ
677 3411 803 3495 βασιλεῖ
829 3406 920 3497 Ἰόβᾳ
952 3404 1154 3492 πιστεύομεν,
1181 3405 1274 3499 ἥττας

200 3509 288 3589 τινὰς
310 3513 364 3581 καὶ
386 3510 504 3603 τροπὰς
526 3508 591 3581 ὑπὸ
607 3516 801 3601 Μαρκέλλου
816 3517 878 3581 τῶν
891 3511 951 3581 σιλν
969 3513 1092 3602 Ἀννίβα
1112 3518 1273 3598 γενέσθαι.

200 3617 241 3684 ds
271 3618 370 3685 altaro
398 3620 469 3686 Ιοοο
499 3618 609 3708 (Marc.
633 3618 737 3706 XXX)
765 3620 829 3686 iam
849 3625 944 3690 antea
965 3619 1085 3704 egimus
1106 3625 1204 3704 atqua
1225 3619 1274 3684 ui-

307 3994 331 4059 ⁸)
351 3993 378 4045 Si
395 4008 456 4045 uara
475 3992 604 4047 Cornelius
621 3992 705 4060 Nepos
722 3996 749 4045 in
765 3996 820 4045 uita
837 3993 953 4046 Mareelli
971 3994 1007 4045 ita
1024 3995 1170 4045 narrauerat
1186 3993 1274 4043 mirum

201 4087 321 4153 quantum
344 4098 428 4135 senum
450 4085 579 4149 pugnauit.
616 4099 673 4135 nam
696 4086 721 4135 in
745 4085 798 4135 uita
815 4083 973 4144 Hannibalis,
991 4097 1045 4148 cap.
1065 4082 1081 4133 5
1100 4080 1197 4131 diserm
1214 4094 1273 4131 nar-

199 4174 240 4225 bis
264 4173 334 4223 dicit:
372 4172 507 4239 „quamdiu
530 4172 653 4225 in‘Italia
674 4172 722 4225 luit
746 4171 904 4239 (Hannibal),
925 4188 997 4224 namo
1020 4172 1045 4223 ai
1061 4172 1087 4222 in
1106 4172 1161 4221 acia
1177 4171 1273 4229 restitit,

200 4276 273 4314 namo
296 4260 416 4311 aduersus
438 4276 495 4313 sum
517 4264 572 4327 post
594 4260 751 4313 Gannansam
773 4276 884 4327 pugnam
906 4260 932 4312 in
956 4275 1042 4327 eampo
1065 4263 1146 4310 castra
1167 4260 1273 4325 posuit,“

200 4355 225 4404 et
250 4348 326 4417 paulo
351 4352 408 4415 post
433 4364 488 4417 cap.
515 4351 548 4403 6:
593 4348 678 4412 „Hinc
699 4354 808 4404 inuictus
834 4352 939 4418 patriam
962 4348 1091 4401 defensum
1112 4351 1269 4399 reuocatus.“

199 4438 246 4491 aad
264 4436 321 4489 talis
339 4438 435 4489 maaria
453 4454 502 4489 non
519 4453 575 4491 raro
594 4440 702 4491 assumit
719 4441 746 4491 in
763 4440 865 4507 Nepote.
952 4505 954 4512 Ι
