2950 4900
653 359 873 426 ...sp-

222 570 462 659 populatoribus
488 572 669 657 praebuisse
701 571 887 658 lenibusque
907 572 1128 640 certaminibus
1154 571 1298 638 adsuefe-

223 681 312 766 cissc·
326 681 469 745 territum
489 680 628 764 pristinis
660 680 801 746 cladibus
833 680 981 759 militem,
1011 679 1206 746 minuciam
1227 685 1298 745 tan·

223 787 298 853 dem
320 793 376 852 aut
396 787 522 852 uirtutis
538 791 595 852 aut
608 786 753 852 forbrnac
767 788 928 871 paenitere
942 808 1027 854 suae.
1072 786 1160 851 uides
1173 785 1299 850 Lindum
1328 871 1331 874 ῃ

222 913 288 958 non
316 891 480 958 dissentire
508 913 529 958 a
550 892 697 979 Polybio,
728 893 785 959 sed
807 914 988 976 causarum,
1016 893 1130 977 quibus
1150 892 1297 977 Polybius

221 997 357 1064 Fabium
384 998 554 1066 adductum
589 1019 656 1065 esse
686 999 727 1064 ad
748 999 828 1067 illud
849 999 1012 1067 consilium
1032 999 1193 1083 exposuit,
1217 1019 1297 1064 non·
1398 1044 1399 1051 ι

221 1105 326 1170 nullas
349 1106 498 1184 omisisse,
521 1126 599 1189 quas
621 1106 729 1170 abnht
750 1125 815 1172 non
836 1105 982 1172 distincte
998 1105 1190 1189 explicuisse.
1233 1105 1297 1172 iam

220 1231 298 1276 uero
321 1211 514 1276 conferamus
535 1211 755 1290 Plutarchum,
784 1211 840 1296 qui
860 1210 939 1276 hacc
959 1211 1087 1278 exhibet
1108 1209 1146 1288 V,
1169 1210 1206 1276 5:
1235 1208 1297 1293 οὐχ

220 1312 265 1392 αῖς
280 1314 538 1402 διαμαχούμενος
553 1314 634 1384 ἀλλὰ
648 1314 753 1405 χρόνῳ
769 1315 828 1406 τήν
841 1314 947 1406 ἀκμὴν
968 1315 1068 1384 αὐτοῦ
1081 1316 1134 1384 καὶ
1155 1315 1298 1407 χρήμασι

219 1419 280 1512 τήν
308 1422 446 1510 ἀπορίαν
472 1423 523 1489 καὶ
551 1424 810 1510 πολυανθρωπίᾳ
837 1420 896 1513 τὴν
918 1420 1086 1512 ὀλιγότητα
1105 1426 1222 1510 τρίβειν
1242 1421 1296 1490 καὶ

216 1525 446 1596 ὑπαναλίσκειν
484 1529 769 1614 βοβουλευμένοςς·
797 1528 908 1593 eadem
947 1534 1109 1612 tamquam
1148 1528 1189 1594 ah
1225 1529 1295 1614 ipso

216 1633 398 1699 Hannibale
412 1634 496 1698 dicta
511 1635 574 1699 sint
588 1635 683 1718 paulo
694 1640 768 1718 post
776 1641 962 1719 repetuntur
973 1633 1012 1713 V,
1025 1636 1082 1699 192
1096 1625 1147 1710 οἷς
1159 1637 1222 1718 μέν
1232 1637 1296 1702 εἰσι

215 1743 378 1825 κρείττους
400 1737 512 1816 ὅπλοις
534 1737 719 1830 χρήσασθαι
734 1737 779 1830 μὴ
810 1743 998 1825 δυναμένων
1025 1740 1294 1828 (Καρχηδονίου),

217 1837 270 1923 οἷς
296 1843 333 1913 δὲ
360 1839 536 1913 λείπονται
556 1845 681 1931 αυίμααι
707 1848 761 1913 καὶ
788 1845 948 1936 χρήμασιν
975 1844 1210 1931 ἐλαττουμένου
1241 1846 1295 1914 καὶ

216 1954 457 2035 δαπανωμένων
489 1953 536 2027 είς
568 1949 603 2019 τὸ
632 1954 744 2041 μηδέν.
788 1952 867 2018 hacc
887 1952 1047 2017 Plutarchi
1068 1952 1166 2017 uerba
1187 1972 1302 2029 omnes!

220 2077 302 2142 quas
323 2058 421 2123 hrsius
443 2060 586 2143 exposuit
605 2059 753 2144 Polybius
767 2081 877 2126 causas
899 2059 1072 2144 complecti,
1093 2058 1179 2125 nullo
1200 2061 1293 2126 modo

219 2167 329 2228 autern
356 2184 373 2228 ο
401 2185 514 2230 manca
541 2165 624 2229 Liuii
646 2165 871 2248 significatione
891 2185 1021 2231 manare
1041 2167 1179 2249 potuisse
1201 2188 1292 2233 nemo

220 2270 283 2334 erit
309 2270 364 2354 qui
391 2275 491 2354 neget
540 2271 637 2338 nihilo
671 2273 773 2336 minus
799 2273 833 2337 in
861 2271 972 2337 eedem
999 2273 1102 2356 capite
1133 2273 1293 2340 Plutarchi

1318 1594 1320 1603 ι

219 2380 297 2440 sunt
317 2397 397 2460 qnae
418 2399 482 2442 non
504 2377 588 2461 apud
610 2377 775 2463 Polybium
789 2377 999 2457 inueniuntur,
1023 2380 1200 2464 conspirent
1221 2402 1292 2445 cum

218 2482 320 2547 Liuio.
364 2483 498 2549 Fabium
525 2504 582 2566 per
608 2484 679 2549 loca
706 2485 773 2549 alta
800 2505 912 2568 agmen
945 2483 1071 2550 duxisse
1098 2485 1220 2551 modico
1249 2487 1291 2553 ab
1331 2542 1333 2546 ,

217 2588 311 2653 hoste
332 2590 497 2657 interuallo
521 2590 581 2676 (Pl.
603 2587 641 2667 V,
664 2590 789 2667 8-13;
821 2590 950 2655 utura
965 2596 995 2674 5.
1012 2591 1058 2675 8),
1080 2591 1181 2656 solum
1202 2593 1291 2658 Hen-

216 2693 355 2760 nibalem
383 2695 475 2761 Fabii
502 2694 701 2779 prudentiam
723 2697 887 2778 agnouhse
909 2695 970 2783 (Pl.
993 2696 1289 2775 v‚16-17;1,iu.

218 2802 263 2867 12
279 2800 360 2887 55)
389 2807 483 2885 atque
512 2802 596 2865 omni
624 2821 720 2885 opera
742 2823 780 2866 ac
801 2800 911 2867 fraude
932 2803 1127 2867 lacessinisse
1147 2804 1290 2885 Fabium,

215 2910 256 2971 ut
282 2906 324 2971 ad
351 2926 461 2972 aecum
489 2913 646 2972 certamen
674 2907 876 2973 descenderet
903 2907 963 2994 (Pl.
988 2906 1027 2986 V,
1049 2910 1198 2988 22-26;
1219 2913 1288 2979 Liu.

216 3012 261 3076 12
277 3016 306 3093 5.
323 3012 440 3097 6—7),
468 3012 653 3078 Plutarchus
675 3019 708 3079 et
729 3014 838 3080 Liuius
859 3018 1042 3079 memorant.
1085 3015 1210 3082 uberius
1222 3040 1289 3093 ,eu-

214 3122 282 3181 tem
315 3138 411 3200 quam
443 3118 551 3208 Liuius
586 3123 618 3183 et
650 3120 797 3204 Polybius
824 3121 858 3184 in
885 3119 947 3183 fine
969 3119 1080 3202 capitis
1101 3122 1288 3191 Plutarchus

214 3224 284 3306 agit
306 3223 345 3287 de
367 3224 526 3303 conuiciis,
555 3226 668 3309 quibus
689 3226 844 3291 Minucius
866 3225 964 3291 Fabio
984 3225 1118 3291 illuserit
1138 3229 1287 3298 militum·

214 3348 278 3412 quc
293 3329 412 3395 animos
426 3330 615 3409 incitaucrit,
637 3337 670 3395 et
692 3331 731 3396 de
747 3332 842 3397 animi
864 3330 1029 3396 altitudine
1050 3336 1289 3420 constantiaque

137 3464 141 3485 ι
213 3422 322 3514 Fabii,
352 3436 407 3519 qui
427 3436 554 3501 minime
576 3436 626 3502 his
648 3434 792 3503 turbatus
815 3443 871 3502 aut
891 3458 912 3501 e
933 3438 1018 3501 senis
1040 3438 1175 3502 consiliis
1195 3460 1287 3505 euer-
1330 3510 1333 3513 Δ

214 3561 269 3605 sris
302 3540 351 3605 sit.
401 3546 465 3607 tres
495 3548 601 3607 autem
628 3550 770 3609 eucmres
797 3546 831 3608 in
856 3544 917 3609 hoc
943 3544 1056 3627 capite,
1083 3544 1117 3607 in
1139 3566 1202 3627 quo
1223 3568 1287 3611 non

212 3645 340 3711 fabulae
367 3646 584 3727 decantentur,
614 3649 669 3714 sed
688 3650 789 3714 causis
811 3649 988 3715 defenditur
1009 3650 1165 3715 cunctatio
1186 3651 1286 3732 Fabii,

212 3751 417 3817 Plutarchum
445 3753 635 3819 consuluisse
664 3775 833 3839 eorumque
859 3756 1029 3821 sententias
1051 3760 1117 3819 tem
1138 3762 1212 3840 apte
1233 3780 1285 3825 co·

212 3858 358 3923 nexuisse
386 3858 470 3923 credi
497 3880 560 3925 non
587 3866 700 3944 potest.
745 3861 818 3925 talis
847 3860 1007 3943 diligentia
1028 3881 1163 3925 accurs
1184 3863 1287 3929 aliene

213 3966 305 4028 esta
333 3963 494 4029 Plutarchi
528 3965 659 4031 ratione.
703 3966 759 4031 sed
781 3986 852 4030 cum
880 3986 962 4048 quae
988 3966 1146 4050 Polybius,
1166 3966 1284 4047 liuius,

211 4070 399 4135 Plutarchus
429 4071 578 4137 exhibent
603 4072 730 4138 minime
757 4072 933 4157 discrepent
960 4072 1043 4136 inter
1071 4073 1215 4150 cenibil
1236 4081 1285 4141 est

210 4176 434 4262 impedimento
449 4177 615 4261 quominus
630 4198 736 4243 omnes
751 4198 851 4261 acque
872 4182 909 4242 ut
928 4181 1024 4241 antea
1045 4177 1143 4242 Fabio
1161 4179 1284 4245 Pictore

210 4304 286 4350 usos
307 4289 375 4351 tam
396 4284 539 4350 similiter
552 4282 592 4347 de
614 4283 675 4349 hac
695 4305 730 4349 re
745 4283 963 4367 disputasse,
985 4282 1186 4347 Plutarchum
1208 4304 1283 4349 uero

209 4408 270 4456 nec
290 4389 421 4475 Polybio
443 4409 501 4455 nco
522 4389 613 4455 Liuio
634 4410 725 4455 usum
748 4409 817 4455 esse
837 4388 1055 4453 existimcmm.
1086 4386 1197 4451 codem
1217 4388 1283 4453 lerc

1041 4491 1071 4543 2.

1352 1445 1385 1628 ί

1374 1632 1377 1641 r
