2950 4900
641 356 860 424 ..40-

216 571 269 638 soi
289 568 386 638 ταῦτα
407 565 469 652 μὲν
490 563 512 636 o‘
530 565 650 654 Λίβιός
671 587 770 659 φησιν
791 569 1037 653 ἀναγνωσθέντα
1059 566 1098 636 αὶ
1119 566 1285 657 γράμματα

216 673 260 766 ολ
287 676 344 765 τῆς
371 671 475 764 λύον
502 671 649 759 aeaco,
678 671 762 742 ἀλλὰ
793 676 838 763 si
859 672 953 763 νόλν
986 680 1195 762 mamaea,
1224 676 1285 741 τῶν

216 777 383 866 Ῥωμαίων
411 786 521 864 μεῖζον
547 774 734 869 ἡγουμένων
761 782 818 848 τοῦ
845 777 1009 865 γεγονότος
1039 777 1076 847 τό
1108 777 1284 848 anement

216 909 315 971 μενον
341 881 405 973 ὅσῳ
438 885 603 969 Φουλβίου
630 889 776 973 repeteres
801 869 842 976 ἦν
868 882 1069 973 Μάρκελλος.
1114 891 1211 974 atque
1236 906 1285 952 re·

218 993 320 1082 spexit
351 990 536 1057 Plutarchus
565 990 607 1057 ad
639 991 721 1057 Liuii
747 992 851 1058 locum
886 992 1010 1070 XXVII,
1032 994 1071 1058 2:
1100 993 1286 1070 „Marcellus

218 1100 295 1166 nihil
322 1097 492 1164 admodum
513 1101 604 1162 tanta
625 1095 715 1162 clade
736 1098 864 1163 territus
885 1097 998 1162 litteris
1020 1098 1153 1164 Romam
1174 1097 1216 1164 ad
1236 1119 1285 1164 se

218 1211 329 1272 natum
351 1203 391 1269 de
411 1203 489 1268 duce
523 1208 556 1269 et
585 1204 725 1272 exercitu
746 1204 788 1269 ad
808 1204 1007 1270 Herdoneam
1028 1206 1142 1272 amisso
1164 1205 1286 1272 scribit:

219 1318 358 1380 ceterum
384 1309 518 1377 eundem
546 1331 589 1388 se,
612 1311 666 1399 qui
688 1316 761 1399 post
782 1309 975 1380 Cannensem
997 1333 1133 1398 pugnam
1155 1311 1289 1378 ferocem

218 1417 351 1486 uictoria
365 1416 575 1484 Hannibalem
590 1417 792 1496 contudisset,
814 1418 861 1483 ire
875 1417 1027 1484 aduersus
1058 1439 1139 1496 eum,
1162 1419 1289 1486 breuem

218 1524 265 1590 illi
285 1523 449 1602 laetitiam,
472 1543 536 1612 qua
565 1524 711 1602 exsultet,
739 1523 904 1589 factunm
955 1535 990 1590 e!
1010 1529 1135 1590 Romae
1157 1530 1289 1607 quietem

221 1651 295 1698 cum
318 1635 429 1696 luctus
452 1637 571 1710 ingene
594 1651 640 1695 ου
659 1637 849 1712 praeterite
865 1641 934 1695 tum
957 1637 1058 1696 timor
1080 1639 1115 1696 in
1134 1637 1290 1710 suturam

221 1745 326 1804 erat.“
356 1733 445 1800 uides
467 1755 579 1823 parum
593 1740 738 1800 scemate
759 1734 963 1800 Plutarchum
985 1736 1175 1800 sententiam
1195 1757 1290 1824 quam

222 1841 348 1907 exhibet
374 1840 482 1906 Liuius
511 1841 699 1928 expressisse
725 1846 821 1928 atque
847 1841 967 1907 timoris
995 1861 1122 1906 causam
1154 1842 1202 1906 ita
1234 1862 1291 1910 au.-

222 1949 375 2024 nexuisse,
396 1951 433 2026 ut
449 1945 533 2012 Liuii
544 1967 611 2012 esse
623 1946 778 2025 uideatur,
795 1967 985 2034 quamquam
993 1946 1114 2012 nullum
1125 1946 1192 2011 eins
1207 1946 1291 2034 apud

221 2054 346 2123 Liuium
375 2058 423 2118 est
444 2053 621 2136 uestigium.
649 2052 707 2118 tali
728 2052 849 2118 inemia
871 2072 943 2118 eum
965 2061 1064 2117 usum·
1076 2073 1144 2119 esse
1165 2053 1199 2117 in
1218 2053 1292 2117 red·

223 2160 331 2228 dandis
362 2159 495 2224 aliorum
528 2163 691 2224 auctorum
721 2158 799 2224 locis
831 2156 886 2222 ubi
918 2157 961 2224 ad
991 2158 1076 2242 ipsos
1108 2159 1292 2224 nominatim

222 2270 374 2353 prouocat
401 2265 514 2330 mirum
541 2270 597 2330 est.
649 2265 745 2329 etiam
773 2264 872 2347 magis
899 2268 1005 2330 autem
1033 2270 1081 2328 est
1101 2265 1215 2330 mirum
1237 2270 1294 2330 ant

223 2375 354 2460 eogitari
383 2373 438 2438 uix
470 2375 575 2457 potest
606 2391 678 2436 eum
705 2375 847 2436 nostrum
876 2369 980 2435 locum
1007 2375 1074 2434 tam
1095 2369 1294 2454 neglegenter

223 2480 405 2558 reddidisse,
427 2480 455 2545 si
474 2479 600 2545 Liuium
621 2479 654 2544 in
675 2484 745 2544 tota
765 2498 870 2542 rerum
891 2477 1069 2543 narratione
1090 2478 1293 2563 praecipuum

224 2595 382 2656 auctorem
409 2586 569 2653 habuisset
597 2606 634 2651 ae
660 2584 853 2670 pedetentim
886 2589 919 2650 et
949 2590 1016 2650 tam
1036 2589 1181 2649 scemate
1204 2605 1294 2651 secu·

224 2703 275 2763 tus
303 2701 394 2762 esset.
443 2693 543 2759 multo
572 2712 648 2759 sane
669 2693 737 2757 ueri
759 2692 889 2757 similius
913 2695 962 2756 est
982 2691 1185 2756 Plutarchum
1205 2691 1295 2756 illam

224 2804 307 2869 Liuii
339 2800 526 2868 senteutiam
558 2819 597 2864 ex
629 2798 780 2865 memoria
811 2797 970 2874 attidisse,
1004 2796 1084 2863 sicin
1106 2801 1200 2861 antea
1220 2815 1295 2861 eum

226 2909 325 2975 simile
357 2906 505 2972 iudicium
537 2906 620 2971 Liuii
652 2926 716 2971 non
748 2904 851 2970 minus
887 2904 1086 2987 neglegenter
1121 2903 1297 2969 narrationi

227 3038 301 3082 suae
335 3014 484 3081 adieemse
517 3012 667 3077 euioimus
699 3016 731 3077 et
763 3032 838 3077 mox
865 3010 1029 3095 cumipse
1048 3010 1139 3074 Liuio
1160 3030 1223 3075 non
1247 3009 1297 3074 in·

227 3128 333 3207 specto
361 3122 394 3187 in
421 3138 558 3187 errorem
586 3120 640 3204 qui
662 3120 804 3185 excusari
826 3140 890 3184 non
912 3122 1017 3202 potest
1038 3117 1184 3183 incidisse
1205 3116 1297 3181 uide-

227 3230 330 3296 bimus
357 3230 469 3316 (xxx,
499 3226 565 3312 20).
610 3227 656 3290 ita
678 3230 784 3291 autem
806 3224 833 3289 si
855 3224 1031 3301 statuimur,
1054 3228 1299 3289 consentaneum

228 3341 276 3401 est
302 3340 475 3399 ceterarum
502 3355 606 3399 rerum
633 3337 832 3398 narratarum
857 3331 977 3396 fontem
1003 3352 1066 3397 non
1093 3330 1218 3395 Limum
1240 3328 1300 3395 sed

229 3442 326 3507 alium
339 3446 498 3506 auctorem
514 3440 618 3505 fuisse.
642 3437 860 3505 similitudines
869 3458 944 3503 uero
966 3457 1048 3520 quae
1069 3437 1152 3501 inter
1171 3434 1300 3501 Liuium

229 3552 263 3613 et
294 3545 496 3611 Plutarchum
527 3544 724 3611 intercedunt
746 3537 851 3609 ¹etiam
878 3563 896 3607 e
923 3544 1080 3608 communi
1101 3540 1142 3608 ab
1164 3546 1300 3625 utroque

230 3652 393 3735 diligenter
419 3656 570 3735 usmpato
598 3651 685 3715 fonte
712 3670 810 3734 posse
827 3653 913 3714 ortas
935 3669 1003 3714 esse
1024 3668 1117 3713 nemo
1139 3668 1202 3712 non
1222 3666 1300 3713 oon·

231 3758 329 3825 cedet.
373 3756 428 3822 sed
457 3762 530 3822 sunt
558 3758 653 3821 etiem
682 3755 795 3839 quibus
823 3755 955 3837 suspitio
978 3775 1073 3837 quam
1094 3752 1301 3819 excitammus

115 3915 131 3985 s
231 3868 389 3947 augeatur.
434 3883 472 3927 ao
499 3862 633 3945 primum
656 3882 736 3945 quae
758 3860 945 3926 Plutarchus
967 3865 1039 3943 post
1061 3859 1205 3925 acerbam
1225 3879 1301 3924 ora·

203 3998 215 4037 π
231 3970 357 4046 tionem,
386 3988 448 4051 qua
475 3968 642 4035 Marcellus
669 3968 783 4033 milites
811 3968 911 4031 altero
937 3966 990 4031 die
1011 3968 1044 4031 in
1064 3966 1171 4049 fugam
1192 3986 1301 4033 nemos

108 4075 167 4155 Μ’
232 4075 432 4158 corripuerat,
450 4074 507 4139 sub
516 4074 610 4139 finem
624 4094 691 4158 cap.
708 4072 798 4137 XXV
826 4071 966 4137 exhibet:
990 4074 1022 4139 di
1040 4066 1062 4139 ἃ
1083 4072 1211 4139 πολλῶν
1232 4069 1301 4139 ἀπὸ

110 4191 143 4243 ,Α
169 4196 175 4209 ‘
199 4173 285 4271 τῆς
307 4178 414 4268 μάχης
436 4178 639 4254 ἐπικινδύνως
660 4179 713 4245 καὶ
735 4176 881 4266 πονήρως
905 4174 1043 4258 ἐχόντονν
1065 4175 1182 4243 οὐδένα
1204 4177 1302 4262 φασὶν

234 4280 271 4351 ὃν
293 4288 325 4351 οἱ
340 4286 531 4370 Μαρκέλλου
552 4280 641 4367 λόγου
663 4285 723 4349 τοῖν
738 4279 923 4369 τραυμάτων
938 4280 1012 4364 οὐχὶ
1027 4284 1149 4366 μᾶλλον
1162 4277 1303 4373 ἤλγυναν

235 4411 298 4454 non
312 4390 451 4455 inuenies
474 4388 558 4474 apud
580 4387 713 4455 Liuium.
759 4386 870 4453 deinde
892 4386 1119 4471 discrepantiae
1146 4386 1301 4467 quaedam
