<?xml version="1.0" encoding="UTF-8"?>
<!DOCTYPE html PUBLIC "-//W3C//DTD XHTML 1.0 Transitional//EN"
    "http://www.w3.org/TR/xhtml1/DTD/xhtml1-transitional.dtd">
<html xmlns="http://www.w3.org/1999/xhtml" xml:lang="en" lang="en">
 <head>
  <title>
</title>
<meta http-equiv="Content-Type" content="text/html;charset=utf-8" />
  <meta name='ocr-system' content='tesseract 3.04.00' />
  <meta name='ocr-capabilities' content='ocr_page ocr_carea ocr_par ocr_line ocrx_word'/>
</head>
<body>
  <div class='ocr_page' id='page_1' title='image "./quibusfontibusp00buchgoog_0040.png"; bbox 0 0 2950 4900; ppageno 0'>
   <div class='ocr_carea' id='block_1_1' title="bbox 630 367 848 432">
    <p class='ocr_par' dir='ltr' id='par_1_1' title="bbox 630 367 848 432">
     <span class='ocr_line' id='line_1_1' title="bbox 630 367 848 432; baseline 0.005 -19"><span class='ocrx_word' id='word_1_1' title='bbox 630 367 848 432; x_wconf 59' lang='lat'><strong>..32-</strong></span> 
     </span>
    </p>
   </div>
   <div class='ocr_carea' id='block_1_2' title="bbox 176 576 1287 3433">
    <p class='ocr_par' dir='ltr' id='par_1_2' title="bbox 176 576 1287 3433">
     <span class='ocr_line' id='line_1_2' title="bbox 203 576 1274 662; baseline 0 -18"><span class='ocrx_word' id='word_1_2' title='bbox 203 579 449 644; x_wconf 82' lang='lat' dir='ltr'>demonstratum</span> <span class='ocrx_word' id='word_1_3' title='bbox 476 576 599 641; x_wconf 88' lang='lat' dir='ltr'>sithoc</span> <span class='ocrx_word' id='word_1_4' title='bbox 626 576 695 642; x_wconf 89' lang='lat' dir='ltr'>loco</span> <span class='ocrx_word' id='word_1_5' title='bbox 718 577 836 660; x_wconf 89' lang='lat' dir='ltr'>optimo</span> <span class='ocrx_word' id='word_1_6' title='bbox 859 577 927 641; x_wconf 91' lang='lat' dir='ltr'>iure</span> <span class='ocrx_word' id='word_1_7' title='bbox 949 576 1110 655; x_wconf 83' lang='lat' dir='ltr'>conicitur,</span> <span class='ocrx_word' id='word_1_8' title='bbox 1132 599 1274 662; x_wconf 89' lang='lat' dir='ltr'>praeser-</span> 
     </span>
     <span class='ocr_line' id='line_1_3' title="bbox 203 683 1278 780; baseline 0.002 -31"><span class='ocrx_word' id='word_1_9' title='bbox 203 686 261 749; x_wconf 91' lang='lat' dir='ltr'>tim</span> <span class='ocrx_word' id='word_1_10' title='bbox 283 706 355 748; x_wconf 92' lang='lat' dir='ltr'>cum</span> <span class='ocrx_word' id='word_1_11' title='bbox 372 705 533 766; x_wconf 88' lang='lat' dir='ltr'>nunquam</span> <span class='ocrx_word' id='word_1_12' title='bbox 553 684 636 749; x_wconf 88' lang='lat' dir='ltr'>inter</span> <span class='ocrx_word' id='word_1_13' title='bbox 658 705 691 750; x_wconf 90' lang='lat' dir='ltr'>se</span> <span class='ocrx_word' id='word_1_14' title='bbox 714 683 909 762; x_wconf 77' lang='lat' dir='ltr'><strong>dissentiant,</strong></span> <span class='ocrx_word' id='word_1_15' title='bbox 933 683 973 749; x_wconf 87' lang='lat' dir='ltr'>ab</span> <span class='ocrx_word' id='word_1_16' title='bbox 996 684 1149 780; x_wconf 73' lang='lat' dir='ltr'>Eutropio</span> <span class='ocrx_word' id='word_1_17' title='bbox 1171 691 1278 751; x_wconf 85' lang='lat' dir='ltr'>autem</span> 
     </span>
     <span class='ocr_line' id='line_1_4' title="bbox 203 789 1277 876; baseline -0.002 -18"><span class='ocrx_word' id='word_1_18' title='bbox 203 792 339 876; x_wconf 88' lang='lat' dir='ltr'>pendere</span> <span class='ocrx_word' id='word_1_19' title='bbox 373 789 518 856; x_wconf 90' lang='lat' dir='ltr'>Orosium</span> <span class='ocrx_word' id='word_1_20' title='bbox 549 792 603 874; x_wconf 92' lang='lat' dir='ltr'>qui</span> <span class='ocrx_word' id='word_1_21' title='bbox 635 792 735 857; x_wconf 92' lang='lat' dir='ltr'>multo</span> <span class='ocrx_word' id='word_1_22' title='bbox 769 791 868 856; x_wconf 86' lang='lat' dir='ltr'>firsius</span> <span class='ocrx_word' id='word_1_23' title='bbox 902 813 952 856; x_wconf 90' lang='lat' dir='ltr'>res</span> <span class='ocrx_word' id='word_1_24' title='bbox 984 790 1164 875; x_wconf 80' lang='lat' dir='ltr'>exposuerit</span> <span class='ocrx_word' id='word_1_25' title='bbox 1193 792 1277 856; x_wconf 90' lang='lat' dir='ltr'>credi</span> 
     </span>
     <span class='ocr_line' id='line_1_5' title="bbox 204 897 1276 982; baseline -0.001 -19"><span class='ocrx_word' id='word_1_26' title='bbox 204 921 266 965; x_wconf 90' lang='lat' dir='ltr'>non</span> <span class='ocrx_word' id='word_1_27' title='bbox 294 898 402 982; x_wconf 86' lang='lat' dir='ltr'>possit.</span> <span class='ocrx_word' id='word_1_28' title='bbox 454 902 549 980; x_wconf 87' lang='lat' dir='ltr'>atque</span> <span class='ocrx_word' id='word_1_29' title='bbox 577 917 640 961; x_wconf 90' lang='lat' dir='ltr'>non</span> <span class='ocrx_word' id='word_1_30' title='bbox 669 897 770 962; x_wconf 88' lang='lat' dir='ltr'>solum</span> <span class='ocrx_word' id='word_1_31' title='bbox 793 917 874 980; x_wconf 89' lang='lat' dir='ltr'>quae</span> <span class='ocrx_word' id='word_1_32' title='bbox 898 897 1040 962; x_wconf 90' lang='lat' dir='ltr'>narrauit</span> <span class='ocrx_word' id='word_1_33' title='bbox 1061 897 1170 964; x_wconf 86' lang='lat' dir='ltr'>Liuius</span> <span class='ocrx_word' id='word_1_34' title='bbox 1192 919 1276 962; x_wconf 87' lang='lat' dir='ltr'>surrr-</span> 
     </span>
     <span class='ocr_line' id='line_1_6' title="bbox 204 1002 1275 1080; baseline -0.002 -9"><span class='ocrx_word' id='word_1_35' title='bbox 204 1006 314 1071; x_wconf 89' lang='lat' dir='ltr'>matim</span> <span class='ocrx_word' id='word_1_36' title='bbox 346 1004 494 1080; x_wconf 87' lang='lat' dir='ltr'>referrmt,</span> <span class='ocrx_word' id='word_1_37' title='bbox 528 1002 583 1067; x_wconf 91' lang='lat' dir='ltr'>sed</span> <span class='ocrx_word' id='word_1_38' title='bbox 618 1003 713 1068; x_wconf 87' lang='lat' dir='ltr'>etiam</span> <span class='ocrx_word' id='word_1_39' title='bbox 740 1003 823 1068; x_wconf 92' lang='lat' dir='ltr'>unde</span> <span class='ocrx_word' id='word_1_40' title='bbox 852 1003 992 1068; x_wconf 81' lang='lat' dir='ltr'>hauserit</span> <span class='ocrx_word' id='word_1_41' title='bbox 1014 1025 1053 1068; x_wconf 93' lang='lat' dir='ltr'>ea</span> <span class='ocrx_word' id='word_1_42' title='bbox 1074 1003 1189 1069; x_wconf 89' lang='lat' dir='ltr'>docent</span> <span class='ocrx_word' id='word_1_43' title='bbox 1210 1026 1275 1069; x_wconf 88' lang='lat' dir='ltr'>nos.</span> 
     </span>
     <span class='ocr_line' id='line_1_7' title="bbox 206 1107 1276 1194; baseline -0.002 -17"><span class='ocrx_word' id='word_1_44' title='bbox 206 1110 245 1177; x_wconf 91' lang='lat' dir='ltr'>de</span> <span class='ocrx_word' id='word_1_45' title='bbox 267 1111 386 1194; x_wconf 77' lang='lat' dir='ltr'>ingenti</span> <span class='ocrx_word' id='word_1_46' title='bbox 408 1109 490 1174; x_wconf 91' lang='lat' dir='ltr'>enim</span> <span class='ocrx_word' id='word_1_47' title='bbox 517 1107 592 1173; x_wconf 90' lang='lat' dir='ltr'>belli</span> <span class='ocrx_word' id='word_1_48' title='bbox 614 1114 770 1192; x_wconf 87' lang='lat' dir='ltr'>apparatu</span> <span class='ocrx_word' id='word_1_49' title='bbox 791 1109 979 1174; x_wconf 83' lang='lat' dir='ltr'>disserentes</span> <span class='ocrx_word' id='word_1_50' title='bbox 1001 1110 1140 1175; x_wconf 83' lang='lat' dir='ltr'>adicirmt</span> <span class='ocrx_word' id='word_1_51' title='bbox 1162 1110 1276 1175; x_wconf 79' lang='lat' dir='ltr'>Eutro</span> 
     </span>
     <span class='ocr_line' id='line_1_8' title="bbox 203 1215 1276 1304; baseline -0.001 -21"><span class='ocrx_word' id='word_1_52' title='bbox 203 1220 289 1304; x_wconf 86' lang='lat' dir='ltr'>pius:</span> <span class='ocrx_word' id='word_1_53' title='bbox 318 1216 551 1298; x_wconf 85' lang='lat' dir='ltr'>„traditumque</span> <span class='ocrx_word' id='word_1_54' title='bbox 579 1220 628 1280; x_wconf 89' lang='lat' dir='ltr'>est</span> <span class='ocrx_word' id='word_1_55' title='bbox 650 1236 670 1278; x_wconf 86' lang='lat' dir='ltr'>a</span> <span class='ocrx_word' id='word_1_56' title='bbox 691 1215 790 1280; x_wconf 87' lang='lat' dir='ltr'>Fabio</span> <span class='ocrx_word' id='word_1_57' title='bbox 812 1215 961 1280; x_wconf 89' lang='lat' dir='ltr'>historice</span> <span class='ocrx_word' id='word_1_58' title='bbox 983 1216 1038 1299; x_wconf 90' lang='lat' dir='ltr'>qui</span> <span class='ocrx_word' id='word_1_59' title='bbox 1071 1217 1099 1280; x_wconf 93' lang='lat' dir='ltr'>ei</span> <span class='ocrx_word' id='word_1_60' title='bbox 1123 1215 1206 1282; x_wconf 88' lang='lat' dir='ltr'>bello</span> <span class='ocrx_word' id='word_1_61' title='bbox 1226 1217 1276 1281; x_wconf 91' lang='lat' dir='ltr'>in-</span> 
     </span>
     <span class='ocr_line' id='line_1_9' title="bbox 205 1319 1275 1405; baseline -0.002 -16"><span class='ocrx_word' id='word_1_62' title='bbox 205 1324 344 1401; x_wconf 83' lang='lat' dir='ltr'>terfuit,“</span> <span class='ocrx_word' id='word_1_63' title='bbox 367 1321 509 1387; x_wconf 82' lang='lat' dir='ltr'>Orosius:</span> <span class='ocrx_word' id='word_1_64' title='bbox 533 1322 636 1400; x_wconf 89' lang='lat' dir='ltr'>„sicut</span> <span class='ocrx_word' id='word_1_65' title='bbox 656 1322 773 1386; x_wconf 80' lang='lat' dir='ltr'>Fabius</span> <span class='ocrx_word' id='word_1_66' title='bbox 795 1319 961 1387; x_wconf 85' lang='lat' dir='ltr'>historicus</span> <span class='ocrx_word' id='word_1_67' title='bbox 983 1323 1038 1405; x_wconf 92' lang='lat' dir='ltr'>qui</span> <span class='ocrx_word' id='word_1_68' title='bbox 1068 1323 1172 1387; x_wconf 90' lang='lat' dir='ltr'>eidem</span> <span class='ocrx_word' id='word_1_69' title='bbox 1193 1322 1275 1387; x_wconf 91' lang='lat' dir='ltr'>bello</span> 
     </span>
     <span class='ocr_line' id='line_1_10' title="bbox 205 1427 1275 1513; baseline -0.002 -17"><span class='ocrx_word' id='word_1_70' title='bbox 205 1430 348 1499; x_wconf 83' lang='lat' dir='ltr'>interfirit</span> <span class='ocrx_word' id='word_1_71' title='bbox 375 1429 529 1513; x_wconf 87' lang='lat' dir='ltr'>scripsit.“</span> <span class='ocrx_word' id='word_1_72' title='bbox 573 1449 636 1493; x_wconf 89' lang='lat' dir='ltr'>non</span> <span class='ocrx_word' id='word_1_73' title='bbox 664 1434 771 1493; x_wconf 89' lang='lat' dir='ltr'>autem</span> <span class='ocrx_word' id='word_1_74' title='bbox 792 1429 890 1512; x_wconf 90' lang='lat' dir='ltr'>ipsius</span> <span class='ocrx_word' id='word_1_75' title='bbox 912 1427 1003 1493; x_wconf 86' lang='lat' dir='ltr'>Fabii</span> <span class='ocrx_word' id='word_1_76' title='bbox 1024 1427 1155 1495; x_wconf 89' lang='lat' dir='ltr'>Pictoris</span> <span class='ocrx_word' id='word_1_77' title='bbox 1179 1451 1275 1494; x_wconf 88' lang='lat' dir='ltr'>anna-</span> 
     </span>
     <span class='ocr_line' id='line_1_11' title="bbox 205 1534 1275 1621; baseline -0.002 -19"><span class='ocrx_word' id='word_1_78' title='bbox 205 1538 250 1602; x_wconf 89' lang='lat' dir='ltr'>les</span> <span class='ocrx_word' id='word_1_79' title='bbox 278 1556 331 1603; x_wconf 89' lang='lat' dir='ltr'>eos</span> <span class='ocrx_word' id='word_1_80' title='bbox 360 1535 540 1618; x_wconf 88' lang='lat' dir='ltr'>inspexisse,</span> <span class='ocrx_word' id='word_1_81' title='bbox 569 1534 625 1599; x_wconf 89' lang='lat' dir='ltr'>sed</span> <span class='ocrx_word' id='word_1_82' title='bbox 652 1555 767 1599; x_wconf 89' lang='lat' dir='ltr'>nomen</span> <span class='ocrx_word' id='word_1_83' title='bbox 788 1535 855 1599; x_wconf 90' lang='lat' dir='ltr'>eius</span> <span class='ocrx_word' id='word_1_84' title='bbox 876 1555 894 1599; x_wconf 92' lang='lat' dir='ltr'>e</span> <span class='ocrx_word' id='word_1_85' title='bbox 916 1534 1007 1600; x_wconf 89' lang='lat' dir='ltr'>Liuio</span> <span class='ocrx_word' id='word_1_86' title='bbox 1029 1537 1275 1621; x_wconf 84' lang='lat' dir='ltr'>hausseripsisse</span> 
     </span>
     <span class='ocr_line' id='line_1_12' title="bbox 207 1640 1275 1724; baseline -0.002 -15"><span class='ocrx_word' id='word_1_87' title='bbox 207 1665 298 1709; x_wconf 86' lang='lat' dir='ltr'>nemo</span> <span class='ocrx_word' id='word_1_88' title='bbox 320 1664 384 1709; x_wconf 92' lang='lat' dir='ltr'>non</span> <span class='ocrx_word' id='word_1_89' title='bbox 404 1642 567 1724; x_wconf 84' lang='lat' dir='ltr'>intellegit.</span> <span class='ocrx_word' id='word_1_90' title='bbox 618 1642 682 1706; x_wconf 90' lang='lat' dir='ltr'>iam</span> <span class='ocrx_word' id='word_1_91' title='bbox 703 1661 780 1706; x_wconf 88' lang='lat' dir='ltr'>uero</span> <span class='ocrx_word' id='word_1_92' title='bbox 802 1661 874 1706; x_wconf 90' lang='lat' dir='ltr'>cum</span> <span class='ocrx_word' id='word_1_93' title='bbox 895 1641 1035 1706; x_wconf 88' lang='lat' dir='ltr'>Zonarae</span> <span class='ocrx_word' id='word_1_94' title='bbox 1056 1640 1183 1707; x_wconf 89' lang='lat' dir='ltr'>uberior</span> <span class='ocrx_word' id='word_1_95' title='bbox 1204 1642 1275 1707; x_wconf 93' lang='lat' dir='ltr'>belli</span> 
     </span>
     <span class='ocr_line' id='line_1_13' title="bbox 207 1746 1275 1833; baseline -0.001 -19"><span class='ocrx_word' id='word_1_96' title='bbox 207 1749 373 1833; x_wconf 84' lang='lat' dir='ltr'>descriptio</span> <span class='ocrx_word' id='word_1_97' title='bbox 399 1748 543 1812; x_wconf 86' lang='lat' dir='ltr'>concinat</span> <span class='ocrx_word' id='word_1_98' title='bbox 570 1752 602 1811; x_wconf 89' lang='lat' dir='ltr'>et</span> <span class='ocrx_word' id='word_1_99' title='bbox 641 1747 793 1830; x_wconf 84' lang='lat' dir='ltr'>congruat</span> <span class='ocrx_word' id='word_1_100' title='bbox 824 1767 896 1811; x_wconf 91' lang='lat' dir='ltr'>cum</span> <span class='ocrx_word' id='word_1_101' title='bbox 917 1746 1069 1831; x_wconf 86' lang='lat' dir='ltr'>Eutropio</span> <span class='ocrx_word' id='word_1_102' title='bbox 1096 1754 1129 1813; x_wconf 91' lang='lat' dir='ltr'>et</span> <span class='ocrx_word' id='word_1_103' title='bbox 1157 1748 1275 1824; x_wconf 82' lang='lat' dir='ltr'>Oresio,</span> 
     </span>
     <span class='ocr_line' id='line_1_14' title="bbox 176 1851 1276 1938; baseline -0.003 -17"><span class='ocrx_word' id='word_1_104' title='bbox 176 1917 182 1928; x_wconf 62' lang='lat'>„</span> <span class='ocrx_word' id='word_1_105' title='bbox 207 1857 262 1921; x_wconf 90' lang='lat' dir='ltr'>uix</span> <span class='ocrx_word' id='word_1_106' title='bbox 284 1854 421 1919; x_wconf 86' lang='lat' dir='ltr'>dubitari</span> <span class='ocrx_word' id='word_1_107' title='bbox 437 1859 543 1937; x_wconf 88' lang='lat' dir='ltr'>potest</span> <span class='ocrx_word' id='word_1_108' title='bbox 561 1853 638 1937; x_wconf 88' lang='lat' dir='ltr'>quin</span> <span class='ocrx_word' id='word_1_109' title='bbox 658 1853 734 1917; x_wconf 90' lang='lat' dir='ltr'>item</span> <span class='ocrx_word' id='word_1_110' title='bbox 757 1853 818 1917; x_wconf 90' lang='lat' dir='ltr'>Dio</span> <span class='ocrx_word' id='word_1_111' title='bbox 841 1851 976 1931; x_wconf 82' lang='lat' dir='ltr'>Cassius,</span> <span class='ocrx_word' id='word_1_112' title='bbox 999 1874 1093 1937; x_wconf 88' lang='lat' dir='ltr'>quem</span> <span class='ocrx_word' id='word_1_113' title='bbox 1116 1855 1276 1938; x_wconf 84' lang='lat' dir='ltr'>exscripsit</span> 
     </span>
     <span class='ocr_line' id='line_1_15' title="bbox 208 1959 1274 2043; baseline -0.004 -15"><span class='ocrx_word' id='word_1_114' title='bbox 208 1965 354 2039; x_wconf 86' lang='lat' dir='ltr'>Zonaras,</span> <span class='ocrx_word' id='word_1_115' title='bbox 377 1966 473 2043; x_wconf 85' lang='lat' dir='ltr'>atque</span> <span class='ocrx_word' id='word_1_116' title='bbox 495 1960 602 2024; x_wconf 88' lang='lat' dir='ltr'>Liuius</span> <span class='ocrx_word' id='word_1_117' title='bbox 624 1959 757 2024; x_wconf 87' lang='lat' dir='ltr'>Fabium</span> <span class='ocrx_word' id='word_1_118' title='bbox 771 1959 928 2024; x_wconf 88' lang='lat' dir='ltr'>Pictorem</span> <span class='ocrx_word' id='word_1_119' title='bbox 943 1965 1102 2025; x_wconf 86' lang='lat' dir='ltr'>auctorem</span> <span class='ocrx_word' id='word_1_120' title='bbox 1124 1961 1274 2026; x_wconf 87' lang='lat' dir='ltr'>habuerit.</span> 
     </span>
     <span class='ocr_line' id='line_1_16' title="bbox 208 2066 1275 2156; baseline -0.002 -22"><span class='ocrx_word' id='word_1_121' title='bbox 208 2069 249 2134; x_wconf 87' lang='lat' dir='ltr'>ab</span> <span class='ocrx_word' id='word_1_122' title='bbox 276 2068 336 2132; x_wconf 89' lang='lat' dir='ltr'>hac</span> <span class='ocrx_word' id='word_1_123' title='bbox 363 2086 438 2131; x_wconf 87' lang='lat' dir='ltr'>uero</span> <span class='ocrx_word' id='word_1_124' title='bbox 468 2066 608 2132; x_wconf 84' lang='lat' dir='ltr'>Fabiana</span> <span class='ocrx_word' id='word_1_125' title='bbox 635 2066 814 2130; x_wconf 87' lang='lat' dir='ltr'>narratione</span> <span class='ocrx_word' id='word_1_126' title='bbox 842 2087 1034 2155; x_wconf 71' lang='lat' dir='ltr'>quamquam</span> <span class='ocrx_word' id='word_1_127' title='bbox 1059 2088 1154 2155; x_wconf 84' lang='lat' dir='ltr'>saepe</span> <span class='ocrx_word' id='word_1_128' title='bbox 1180 2068 1275 2156; x_wconf 90' lang='lat' dir='ltr'>pluri-</span> 
     </span>
     <span class='ocr_line' id='line_1_17' title="bbox 208 2172 1276 2258; baseline -0.002 -18"><span class='ocrx_word' id='word_1_129' title='bbox 208 2197 294 2240; x_wconf 90' lang='lat' dir='ltr'>mum</span> <span class='ocrx_word' id='word_1_130' title='bbox 306 2174 402 2239; x_wconf 88' lang='lat' dir='ltr'>distat</span> <span class='ocrx_word' id='word_1_131' title='bbox 414 2173 569 2257; x_wconf 85' lang='lat' dir='ltr'>Polybius,</span> <span class='ocrx_word' id='word_1_132' title='bbox 581 2172 613 2258; x_wconf 76' lang='lat'>²¹)</span> <span class='ocrx_word' id='word_1_133' title='bbox 635 2178 742 2238; x_wconf 86' lang='lat' dir='ltr'>tamen</span> <span class='ocrx_word' id='word_1_134' title='bbox 756 2173 888 2238; x_wconf 85' lang='lat' dir='ltr'>Fabium</span> <span class='ocrx_word' id='word_1_135' title='bbox 902 2173 1058 2237; x_wconf 87' lang='lat' dir='ltr'>Pictorem</span> <span class='ocrx_word' id='word_1_136' title='bbox 1080 2172 1121 2238; x_wconf 90' lang='lat' dir='ltr'>ab</span> <span class='ocrx_word' id='word_1_137' title='bbox 1144 2194 1181 2238; x_wconf 94' lang='lat' dir='ltr'>eo</span> <span class='ocrx_word' id='word_1_138' title='bbox 1204 2194 1276 2238; x_wconf 90' lang='lat' dir='ltr'>con-</span> 
     </span>
     <span class='ocr_line' id='line_1_18' title="bbox 208 2275 1277 2367; baseline 0 -21"><span class='ocrx_word' id='word_1_139' title='bbox 208 2282 325 2346; x_wconf 88' lang='lat' dir='ltr'>sultum</span> <span class='ocrx_word' id='word_1_140' title='bbox 354 2299 421 2344; x_wconf 86' lang='lat' dir='ltr'>esse</span> <span class='ocrx_word' id='word_1_141' title='bbox 449 2301 520 2344; x_wconf 89' lang='lat' dir='ltr'>cum</span> <span class='ocrx_word' id='word_1_142' title='bbox 543 2279 612 2345; x_wconf 85' lang='lat' dir='ltr'>aliis</span> <span class='ocrx_word' id='word_1_143' title='bbox 635 2301 715 2367; x_wconf 87' lang='lat' dir='ltr'>quae</span> <span class='ocrx_word' id='word_1_144' title='bbox 738 2280 919 2366; x_wconf 70' lang='lat' dir='ltr'>conspuant</span> <span class='ocrx_word' id='word_1_145' title='bbox 941 2275 1014 2344; x_wconf 87' lang='lat' dir='ltr'>cum</span> <span class='ocrx_word' id='word_1_146' title='bbox 1035 2281 1147 2344; x_wconf 87' lang='lat' dir='ltr'>ceteris</span> <span class='ocrx_word' id='word_1_147' title='bbox 1169 2286 1277 2346; x_wconf 84' lang='lat' dir='ltr'>aucto-</span> 
     </span>
     <span class='ocr_line' id='line_1_19' title="bbox 208 2368 1278 2477; baseline 0 -24"><span class='ocrx_word' id='word_1_148' title='bbox 208 2388 294 2454; x_wconf 89' lang='lat' dir='ltr'>ribus</span> <span class='ocrx_word' id='word_1_149' title='bbox 327 2391 395 2451; x_wconf 89' lang='lat' dir='ltr'>tum</span> <span class='ocrx_word' id='word_1_150' title='bbox 427 2386 482 2473; x_wconf 89' lang='lat' dir='ltr'>(II,</span> <span class='ocrx_word' id='word_1_151' title='bbox 514 2385 572 2473; x_wconf 79' lang='lat'>28)</span> <span class='ocrx_word' id='word_1_152' title='bbox 603 2386 722 2453; x_wconf 84' lang='lat' dir='ltr'>uerbis:</span> <span class='ocrx_word' id='word_1_153' title='bbox 754 2387 839 2454; x_wconf 75' lang='grc' dir='ltr'><strong><em>ἴδιον</em></strong></span> <span class='ocrx_word' id='word_1_154' title='bbox 868 2368 910 2477; x_wconf 76' lang='grc' dir='ltr'>ἦν</span> <span class='ocrx_word' id='word_1_155' title='bbox 939 2386 992 2453; x_wconf 83' lang='grc' dir='ltr'>καὶ</span> <span class='ocrx_word' id='word_1_156' title='bbox 1022 2383 1213 2471; x_wconf 68' lang='grc' dir='ltr'><strong><em>θαυμαστὸν</em></strong></span> <span class='ocrx_word' id='word_1_157' title='bbox 1241 2383 1278 2453; x_wconf 79' lang='grc' dir='ltr'>τὰ</span> 
     </span>
     <span class='ocr_line' id='line_1_20' title="bbox 210 2488 1283 2581; baseline -0.003 -19"><span class='ocrx_word' id='word_1_158' title='bbox 210 2500 387 2581; x_wconf 64' lang='lat' dir='ltr'>caudebec</span> <span class='ocrx_word' id='word_1_159' title='bbox 409 2488 473 2570; x_wconf 72' lang='grc' dir='ltr'><strong><em>τοῖς</em></strong></span> <span class='ocrx_word' id='word_1_160' title='bbox 496 2492 532 2561; x_wconf 79' lang='grc' dir='ltr'>ἐν</span> <span class='ocrx_word' id='word_1_161' title='bbox 554 2491 640 2581; x_wconf 77' lang='grc' dir='ltr'><strong><em>αὐτῷ</em></strong></span> <span class='ocrx_word' id='word_1_162' title='bbox 662 2495 826 2581; x_wconf 70' lang='grc' dir='ltr'><em>τῴκαιρῷ</em></span> <span class='ocrx_word' id='word_1_163' title='bbox 848 2491 918 2559; x_wconf 78' lang='grc' dir='ltr'><strong><em>τότε</em></strong></span> <span class='ocrx_word' id='word_1_164' title='bbox 939 2494 1095 2580; x_wconf 74' lang='grc' dir='ltr'><strong><em>παροῦσιν</em></strong></span> <span class='ocrx_word' id='word_1_165' title='bbox 1116 2494 1283 2577; x_wconf 86' lang='lat' dir='ltr'>significari</span> 
     </span>
     <span class='ocr_line' id='line_1_21' title="bbox 208 2598 1284 2694; baseline -0.003 -27"><span class='ocrx_word' id='word_1_166' title='bbox 208 2601 341 2667; x_wconf 90' lang='lat' dir='ltr'>uidetur.</span> <span class='ocrx_word' id='word_1_167' title='bbox 370 2640 414 2648; x_wconf 94' lang='lat'><em>-</em></span> <span class='ocrx_word' id='word_1_168' title='bbox 442 2598 491 2665; x_wconf 90' lang='lat' dir='ltr'>his</span> <span class='ocrx_word' id='word_1_169' title='bbox 519 2600 694 2688; x_wconf 89' lang='lat' dir='ltr'>explanatis</span> <span class='ocrx_word' id='word_1_170' title='bbox 723 2598 800 2687; x_wconf 91' lang='lat' dir='ltr'>quid</span> <span class='ocrx_word' id='word_1_171' title='bbox 827 2598 867 2663; x_wconf 91' lang='lat' dir='ltr'>de</span> <span class='ocrx_word' id='word_1_172' title='bbox 893 2598 1061 2694; x_wconf 79' lang='lat' dir='ltr'>Plutarcho</span> <span class='ocrx_word' id='word_1_173' title='bbox 1083 2598 1284 2665; x_wconf 89' lang='lat' dir='ltr'>iudicandum</span> 
     </span>
     <span class='ocr_line' id='line_1_22' title="bbox 210 2705 1284 2793; baseline -0.002 -20"><span class='ocrx_word' id='word_1_174' title='bbox 210 2711 251 2773; x_wconf 88' lang='lat' dir='ltr'>sit</span> <span class='ocrx_word' id='word_1_175' title='bbox 272 2706 443 2773; x_wconf 88' lang='lat' dir='ltr'>uideamus.</span> <span class='ocrx_word' id='word_1_176' title='bbox 488 2728 526 2771; x_wconf 87' lang='lat' dir='ltr'>ac</span> <span class='ocrx_word' id='word_1_177' title='bbox 548 2705 713 2790; x_wconf 85' lang='lat' dir='ltr'>Polybium</span> <span class='ocrx_word' id='word_1_178' title='bbox 727 2705 854 2793; x_wconf 82' lang='lat' dir='ltr'>qrridem</span> <span class='ocrx_word' id='word_1_179' title='bbox 874 2706 993 2771; x_wconf 86' lang='lat' dir='ltr'>fontem</span> <span class='ocrx_word' id='word_1_180' title='bbox 1014 2706 1082 2771; x_wconf 89' lang='lat' dir='ltr'>eius</span> <span class='ocrx_word' id='word_1_181' title='bbox 1103 2728 1167 2771; x_wconf 91' lang='lat' dir='ltr'>non</span> <span class='ocrx_word' id='word_1_182' title='bbox 1187 2707 1284 2771; x_wconf 86' lang='lat' dir='ltr'>fuisse</span> 
     </span>
     <span class='ocr_line' id='line_1_23' title="bbox 208 2812 1285 2904; baseline -0.005 -23"><span class='ocrx_word' id='word_1_183' title='bbox 208 2819 242 2882; x_wconf 86' lang='lat' dir='ltr'>in</span> <span class='ocrx_word' id='word_1_184' title='bbox 264 2820 374 2904; x_wconf 88' lang='lat' dir='ltr'>aperto</span> <span class='ocrx_word' id='word_1_185' title='bbox 404 2820 460 2891; x_wconf 90' lang='lat' dir='ltr'>est,</span> <span class='ocrx_word' id='word_1_186' title='bbox 489 2815 564 2901; x_wconf 88' lang='lat' dir='ltr'>quia</span> <span class='ocrx_word' id='word_1_187' title='bbox 590 2815 691 2880; x_wconf 88' lang='lat' dir='ltr'>multa</span> <span class='ocrx_word' id='word_1_188' title='bbox 712 2813 780 2877; x_wconf 74' lang='lat' dir='ltr'>fu&#39;se</span> <span class='ocrx_word' id='word_1_189' title='bbox 802 2818 912 2878; x_wconf 86' lang='lat' dir='ltr'>narrat</span> <span class='ocrx_word' id='word_1_190' title='bbox 932 2812 1128 2889; x_wconf 87' lang='lat' dir='ltr'>Plutarchus,</span> <span class='ocrx_word' id='word_1_191' title='bbox 1151 2833 1285 2899; x_wconf 91' lang='lat' dir='ltr'>quorum</span> 
     </span>
     <span class='ocr_line' id='line_1_24' title="bbox 210 2911 1285 3008; baseline -0.007 -20"><span class='ocrx_word' id='word_1_192' title='bbox 210 2922 330 2989; x_wconf 90' lang='lat' dir='ltr'>nullum</span> <span class='ocrx_word' id='word_1_193' title='bbox 344 2919 429 3008; x_wconf 90' lang='lat' dir='ltr'>apud</span> <span class='ocrx_word' id='word_1_194' title='bbox 443 2919 607 3005; x_wconf 86' lang='lat' dir='ltr'>Polybium</span> <span class='ocrx_word' id='word_1_195' title='bbox 621 2924 670 2983; x_wconf 87' lang='lat' dir='ltr'>eet</span> <span class='ocrx_word' id='word_1_196' title='bbox 684 2911 863 3001; x_wconf 84' lang='lat' dir='ltr'>uestigium,</span> <span class='ocrx_word' id='word_1_197' title='bbox 886 2924 919 2982; x_wconf 92' lang='lat' dir='ltr'>et</span> <span class='ocrx_word' id='word_1_198' title='bbox 940 2918 980 2983; x_wconf 89' lang='lat' dir='ltr'>de</span> <span class='ocrx_word' id='word_1_199' title='bbox 994 2917 1173 2983; x_wconf 87' lang='lat' dir='ltr'>Mediolano</span> <span class='ocrx_word' id='word_1_200' title='bbox 1190 2923 1285 3005; x_wconf 93' lang='lat' dir='ltr'>capto</span> 
     </span>
     <span class='ocr_line' id='line_1_25' title="bbox 211 3024 1286 3115; baseline -0.006 -20"><span class='ocrx_word' id='word_1_201' title='bbox 211 3051 310 3113; x_wconf 89' lang='lat' dir='ltr'>aeque</span> <span class='ocrx_word' id='word_1_202' title='bbox 326 3034 420 3115; x_wconf 88' lang='lat' dir='ltr'>atque</span> <span class='ocrx_word' id='word_1_203' title='bbox 436 3026 531 3091; x_wconf 90' lang='lat' dir='ltr'>ceteri</span> <span class='ocrx_word' id='word_1_204' title='bbox 546 3031 692 3091; x_wconf 86' lang='lat' dir='ltr'>auctores</span> <span class='ocrx_word' id='word_1_205' title='bbox 702 3025 847 3099; x_wconf 86' lang='lat' dir='ltr'>dissentit</span> <span class='ocrx_word' id='word_1_206' title='bbox 862 3024 903 3090; x_wconf 93' lang='lat' dir='ltr'>ab</span> <span class='ocrx_word' id='word_1_207' title='bbox 920 3045 966 3090; x_wconf 90' lang='lat' dir='ltr'>ee.</span> <span class='ocrx_word' id='word_1_208' title='bbox 1000 3024 1156 3089; x_wconf 89' lang='lat' dir='ltr'>simillima</span> <span class='ocrx_word' id='word_1_209' title='bbox 1177 3030 1286 3089; x_wconf 87' lang='lat' dir='ltr'>autem</span> 
     </span>
     <span class='ocr_line' id='line_1_26' title="bbox 209 3129 1287 3223; baseline -0.006 -22"><span class='ocrx_word' id='word_1_210' title='bbox 209 3141 284 3201; x_wconf 90' lang='lat' dir='ltr'>sunt</span> <span class='ocrx_word' id='word_1_211' title='bbox 306 3154 387 3223; x_wconf 82' lang='lat' dir='ltr'>quae</span> <span class='ocrx_word' id='word_1_212' title='bbox 406 3131 591 3197; x_wconf 86' lang='lat' dir='ltr'>Plutarchus</span> <span class='ocrx_word' id='word_1_213' title='bbox 612 3130 753 3219; x_wconf 89' lang='lat' dir='ltr'>prodidit</span> <span class='ocrx_word' id='word_1_214' title='bbox 775 3132 805 3194; x_wconf 93' lang='lat' dir='ltr'>ei</span> <span class='ocrx_word' id='word_1_215' title='bbox 827 3130 902 3195; x_wconf 91' lang='lat' dir='ltr'>belli</span> <span class='ocrx_word' id='word_1_216' title='bbox 923 3129 1133 3217; x_wconf 87' lang='lat' dir='ltr'>descriptioni,</span> <span class='ocrx_word' id='word_1_217' title='bbox 1157 3152 1287 3213; x_wconf 88' lang='lat' dir='ltr'>quame</span> 
     </span>
     <span class='ocr_line' id='line_1_27' title="bbox 211 3237 1286 3323; baseline -0.007 -15"><span class='ocrx_word' id='word_1_218' title='bbox 211 3244 311 3308; x_wconf 87' lang='lat' dir='ltr'>tribus</span> <span class='ocrx_word' id='word_1_219' title='bbox 325 3241 387 3305; x_wconf 90' lang='lat' dir='ltr'>illis</span> <span class='ocrx_word' id='word_1_220' title='bbox 402 3238 583 3307; x_wconf 70' lang='lat' dir='ltr'>ausoribus</span> <span class='ocrx_word' id='word_1_221' title='bbox 598 3258 705 3303; x_wconf 88' lang='lat' dir='ltr'>eruere</span> <span class='ocrx_word' id='word_1_222' title='bbox 728 3259 766 3302; x_wconf 92' lang='lat' dir='ltr'>ao</span> <span class='ocrx_word' id='word_1_223' title='bbox 788 3237 964 3303; x_wconf 88' lang='lat' dir='ltr'>Fabianam</span> <span class='ocrx_word' id='word_1_224' title='bbox 986 3238 1088 3302; x_wconf 85' lang='lat' dir='ltr'>dicere</span> <span class='ocrx_word' id='word_1_225' title='bbox 1109 3258 1286 3323; x_wconf 85' lang='lat' dir='ltr'>possumus.</span> 
     </span>
     <span class='ocr_line' id='line_1_28' title="bbox 211 3348 593 3433; baseline -0.016 -18"><span class='ocrx_word' id='word_1_226' title='bbox 211 3372 285 3415; x_wconf 88' lang='lat' dir='ltr'>nam</span> <span class='ocrx_word' id='word_1_227' title='bbox 307 3348 420 3413; x_wconf 91' lang='lat' dir='ltr'>mirum</span> <span class='ocrx_word' id='word_1_228' title='bbox 441 3351 593 3433; x_wconf 88' lang='lat' dir='ltr'>quantum</span> 
     </span>
    </p>
   </div>
   <div class='ocr_carea' id='block_1_3' title="bbox 666 3342 1375 3556">
    <p class='ocr_par' dir='ltr' id='par_1_3' title="bbox 666 3342 1375 3556">
     <span class='ocr_line' id='line_1_29' title="bbox 666 3342 1375 3519; baseline -0.006 -109"><span class='ocrx_word' id='word_1_229' title='bbox 666 3344 772 3516; x_wconf 54' lang='lat' dir='ltr'>{prim</span> <span class='ocrx_word' id='word_1_230' title='bbox 794 3344 833 3409; x_wconf 91' lang='lat' dir='ltr'>de</span> <span class='ocrx_word' id='word_1_231' title='bbox 856 3343 1065 3519; x_wconf 38' lang='lat' dir='ltr'>&amp;pff</span> <span class='ocrx_word' id='word_1_232' title='bbox 1086 3342 1212 3407; x_wconf 90' lang='lat' dir='ltr'>nomine</span> <span class='ocrx_word' id='word_1_233' title='bbox 1235 3344 1287 3407; x_wconf 92' lang='lat' dir='ltr'>in-</span> <span class='ocrx_word' id='word_1_234' title='bbox 1374 3397 1375 3452; x_wconf 32' lang='grc' dir='ltr'>ἰ</span> 
     </span>
     <span class='ocr_line' id='line_1_30' title="bbox 694 3451 1294 3556; baseline -0.007 -39"><span class='ocrx_word' id='word_1_235' title='bbox 694 3472 711 3517; x_wconf 94' lang='lat' dir='ltr'>e</span> <span class='ocrx_word' id='word_1_236' title='bbox 732 3451 851 3533; x_wconf 89' lang='lat' dir='ltr'>ingenti</span> <span class='ocrx_word' id='word_1_237' title='bbox 872 3470 913 3537; x_wconf 92' lang='lat' dir='ltr'>pe</span> <span class='ocrx_word' id='word_1_238' title='bbox 1002 3454 1107 3515; x_wconf 90' lang='lat' dir='ltr'>atrone</span> <span class='ocrx_word' id='word_1_239' title='bbox 1129 3454 1163 3513; x_wconf 91' lang='lat' dir='ltr'>et</span> <span class='ocrx_word' id='word_1_240' title='bbox 1184 3470 1294 3556; x_wconf 59' lang='lat' dir='ltr'>apQ</span> 
     </span>
    </p>
   </div>
   <div class='ocr_carea' id='block_1_4' title="bbox 564 3368 675 3539">
    <p class='ocr_par' dir='ltr' id='par_1_4' title="bbox 564 3368 675 3539">
     <span class='ocr_line' id='line_1_31' title="bbox 564 3368 675 3539; baseline 0 0"><span class='ocrx_word' id='word_1_241' title='bbox 564 3368 675 3539; x_wconf 70' lang='lat' dir='ltr'>c</span> 
     </span>
    </p>
   </div>
   <div class='ocr_carea' id='block_1_5' title="bbox 210 3366 1288 3636">
    <p class='ocr_par' dir='ltr' id='par_1_5' title="bbox 210 3366 1288 3636">
     <span class='ocr_line' id='line_1_32' title="bbox 211 3366 653 3543; baseline -0.011 -22"><span class='ocrx_word' id='word_1_242' title='bbox 211 3453 413 3543; x_wconf 72' lang='lat' dir='ltr'>terpntando</span> <span class='ocrx_word' id='word_1_243' title='bbox 436 3472 506 3517; x_wconf 90' lang='lat' dir='ltr'>cum</span> <span class='ocrx_word' id='word_1_244' title='bbox 528 3366 653 3517; x_wconf 47' lang='lat' dir='ltr'>Orosi?O</span> 
     </span>
     <span class='ocr_line' id='line_1_33' title="bbox 210 3552 1288 3636; baseline -0.005 -11"><span class='ocrx_word' id='word_1_245' title='bbox 210 3567 284 3626; x_wconf 83' lang='lat' dir='ltr'>r&#39;atu</span> <span class='ocrx_word' id='word_1_246' title='bbox 305 3560 516 3625; x_wconf 87' lang='lat' dir='ltr'>Romanorum</span> <span class='ocrx_word' id='word_1_247' title='bbox 539 3581 610 3625; x_wconf 90' lang='lat' dir='ltr'>cum</span> <span class='ocrx_word' id='word_1_248' title='bbox 632 3559 784 3636; x_wconf 88' lang='lat' dir='ltr'>omnibus,</span> <span class='ocrx_word' id='word_1_249' title='bbox 807 3558 847 3623; x_wconf 92' lang='lat' dir='ltr'>de</span> <span class='ocrx_word' id='word_1_250' title='bbox 867 3552 959 3623; x_wconf 84' lang='lat' dir='ltr'>Gallo</span> <span class='ocrx_word' id='word_1_251' title='bbox 982 3562 1015 3621; x_wconf 93' lang='lat' dir='ltr'>et</span> <span class='ocrx_word' id='word_1_252' title='bbox 1037 3555 1138 3634; x_wconf 77' lang='lat' dir='ltr'>Galla,</span> <span class='ocrx_word' id='word_1_253' title='bbox 1162 3555 1288 3621; x_wconf 85' lang='lat' dir='ltr'>Graeco</span> 
     </span>
    </p>
   </div>
   <div class='ocr_carea' id='block_1_6' title="bbox 212 3792 424 3805">
    <p class='ocr_par' dir='ltr' id='par_1_6' title="bbox 212 3792 424 3805">
     <span class='ocr_line' id='line_1_34' title="bbox 212 3792 424 3805; baseline -0.019 0"><span class='ocrx_word' id='word_1_254' title='bbox 212 3792 424 3805; x_wconf 81' lang='lat'><em>.......-........—-</em></span> 
     </span>
    </p>
   </div>
   <div class='ocr_carea' id='block_1_7' title="bbox 319 3891 1374 3963">
    <p class='ocr_par' dir='ltr' id='par_1_7' title="bbox 319 3891 1374 3963">
     <span class='ocr_line' id='line_1_35' title="bbox 319 3891 1374 3963; baseline -0.004 -13"><span class='ocrx_word' id='word_1_255' title='bbox 319 3898 343 3963; x_wconf 75' lang='lat' dir='ltr'>&#39;l</span> <span class='ocrx_word' id='word_1_256' title='bbox 362 3900 415 3949; x_wconf 87' lang='lat' dir='ltr'>Non</span> <span class='ocrx_word' id='word_1_257' title='bbox 440 3894 566 3949; x_wconf 89' lang='lat' dir='ltr'>conciliari</span> <span class='ocrx_word' id='word_1_258' title='bbox 594 3898 696 3963; x_wconf 88' lang='lat' dir='ltr'>possunt</span> <span class='ocrx_word' id='word_1_259' title='bbox 717 3909 773 3946; x_wconf 89' lang='lat' dir='ltr'>curn</span> <span class='ocrx_word' id='word_1_260' title='bbox 796 3896 884 3947; x_wconf 89' lang='lat' dir='ltr'>ceteris</span> <span class='ocrx_word' id='word_1_261' title='bbox 907 3893 1050 3944; x_wconf 87' lang='lat' dir='ltr'>auctoribus</span> <span class='ocrx_word' id='word_1_262' title='bbox 1073 3909 1138 3960; x_wconf 85' lang='lat' dir='ltr'>quae</span> <span class='ocrx_word' id='word_1_263' title='bbox 1162 3892 1288 3962; x_wconf 85' lang='lat' dir='ltr'>Polybius</span> <span class='ocrx_word' id='word_1_264' title='bbox 1373 3891 1374 3910; x_wconf 64' lang='lat'>¹</span> 
     </span>
    </p>
   </div>
   <div class='ocr_carea' id='block_1_8' title="bbox 200 3982 1290 4493">
    <p class='ocr_par' dir='ltr' id='par_1_8' title="bbox 200 3982 1290 4493">
     <span class='ocr_line' id='line_1_36' title="bbox 200 3982 1287 4053; baseline -0.004 -14"><span class='ocrx_word' id='word_1_265' title='bbox 200 3982 245 4040; x_wconf 81' lang='lat' dir='ltr'>&#39;de</span> <span class='ocrx_word' id='word_1_266' title='bbox 263 3990 349 4053; x_wconf 88' lang='lat' dir='ltr'>primis</span> <span class='ocrx_word' id='word_1_267' title='bbox 366 3987 466 4053; x_wconf 86' lang='lat' dir='ltr'>proellis</span> <span class='ocrx_word' id='word_1_268' title='bbox 483 3987 511 4039; x_wconf 87' lang='lat' dir='ltr'>L.</span> <span class='ocrx_word' id='word_1_269' title='bbox 532 3985 639 4037; x_wconf 87' lang='lat' dir='ltr'>Aemilio</span> <span class='ocrx_word' id='word_1_270' title='bbox 656 3986 727 4050; x_wconf 83' lang='lat' dir='ltr'>Papo</span> <span class='ocrx_word' id='word_1_271' title='bbox 747 3982 776 4036; x_wconf 79' lang='lat' dir='ltr'>(l.</span> <span class='ocrx_word' id='word_1_272' title='bbox 794 3982 871 4035; x_wconf 88' lang='lat' dir='ltr'>Atilio</span> <span class='ocrx_word' id='word_1_273' title='bbox 888 3982 986 4048; x_wconf 82' lang='lat' dir='ltr'>Regulo</span> <span class='ocrx_word' id='word_1_274' title='bbox 1005 3998 1066 4033; x_wconf 88' lang='lat' dir='ltr'>cess.</span> <span class='ocrx_word' id='word_1_275' title='bbox 1087 3984 1221 4034; x_wconf 87' lang='lat' dir='ltr'>commissis</span> <span class='ocrx_word' id='word_1_276' title='bbox 1239 3999 1287 4035; x_wconf 86' lang='lat' dir='ltr'>ex-</span> 
     </span>
     <span class='ocr_line' id='line_1_37' title="bbox 213 4071 1288 4143; baseline -0.006 -16"><span class='ocrx_word' id='word_1_277' title='bbox 213 4079 302 4143; x_wconf 87' lang='lat' dir='ltr'>posuit,</span> <span class='ocrx_word' id='word_1_278' title='bbox 321 4080 372 4128; x_wconf 89' lang='lat' dir='ltr'>tum</span> <span class='ocrx_word' id='word_1_279' title='bbox 389 4092 438 4129; x_wconf 87' lang='lat' dir='ltr'>non</span> <span class='ocrx_word' id='word_1_280' title='bbox 456 4074 565 4127; x_wconf 86' lang='lat' dir='ltr'>secundo</span> <span class='ocrx_word' id='word_1_281' title='bbox 588 4073 633 4125; x_wconf 87' lang='lat' dir='ltr'>sed</span> <span class='ocrx_word' id='word_1_282' title='bbox 655 4075 726 4123; x_wconf 87' lang='lat' dir='ltr'>tertio</span> <span class='ocrx_word' id='word_1_283' title='bbox 744 4071 805 4123; x_wconf 93' lang='lat' dir='ltr'>belli</span> <span class='ocrx_word' id='word_1_284' title='bbox 822 4087 887 4122; x_wconf 86' lang='lat' dir='ltr'>anno</span> <span class='ocrx_word' id='word_1_285' title='bbox 904 4071 1029 4121; x_wconf 87' lang='lat' dir='ltr'>Romanos</span> <span class='ocrx_word' id='word_1_286' title='bbox 1045 4074 1114 4121; x_wconf 70' lang='lat' dir='ltr'>hans</span> <span class='ocrx_word' id='word_1_287' title='bbox 1131 4071 1231 4121; x_wconf 85' lang='lat' dir='ltr'>Padum</span> <span class='ocrx_word' id='word_1_288' title='bbox 1248 4071 1288 4122; x_wconf 87' lang='lat' dir='ltr'>le·</span> 
     </span>
     <span class='ocr_line' id='line_1_38' title="bbox 215 4158 1288 4229; baseline -0.006 -14"><span class='ocrx_word' id='word_1_289' title='bbox 215 4168 300 4229; x_wconf 81' lang='lat' dir='ltr'>gisnes</span> <span class='ocrx_word' id='word_1_290' title='bbox 322 4165 423 4215; x_wconf 86' lang='lat' dir='ltr'>duxisse</span> <span class='ocrx_word' id='word_1_291' title='bbox 446 4163 527 4215; x_wconf 85' lang='lat' dir='ltr'>tradit.</span> <span class='ocrx_word' id='word_1_292' title='bbox 567 4160 600 4213; x_wconf 85' lang='lat' dir='ltr'>ab</span> <span class='ocrx_word' id='word_1_293' title='bbox 623 4161 674 4211; x_wconf 89' lang='lat' dir='ltr'>solo</span> <span class='ocrx_word' id='word_1_294' title='bbox 698 4161 806 4227; x_wconf 89' lang='lat' dir='ltr'>denique</span> <span class='ocrx_word' id='word_1_295' title='bbox 830 4158 946 4224; x_wconf 90' lang='lat' dir='ltr'>Scipione</span> <span class='ocrx_word' id='word_1_296' title='bbox 964 4158 1067 4209; x_wconf 86' lang='lat' dir='ltr'>absente</span> <span class='ocrx_word' id='word_1_297' title='bbox 1085 4158 1208 4209; x_wconf 85' lang='lat' dir='ltr'>Marcello</span> <span class='ocrx_word' id='word_1_298' title='bbox 1225 4161 1288 4210; x_wconf 86' lang='lat' dir='ltr'>Me-</span> 
     </span>
     <span class='ocr_line' id='line_1_39' title="bbox 214 4245 1288 4319; baseline 0.001 -19"><span class='ocrx_word' id='word_1_299' title='bbox 214 4252 338 4303; x_wconf 82' lang='lat' dir='ltr'>diolanum</span> <span class='ocrx_word' id='word_1_300' title='bbox 361 4256 530 4319; x_wconf 80' lang='lat' dir='ltr'>expugnatum</span> <span class='ocrx_word' id='word_1_301' title='bbox 553 4266 606 4301; x_wconf 88' lang='lat' dir='ltr'>csse</span> <span class='ocrx_word' id='word_1_302' title='bbox 624 4249 692 4300; x_wconf 87' lang='lat' dir='ltr'>haud</span> <span class='ocrx_word' id='word_1_303' title='bbox 710 4251 761 4299; x_wconf 90' lang='lat' dir='ltr'>scie</span> <span class='ocrx_word' id='word_1_304' title='bbox 780 4265 812 4299; x_wconf 87' lang='lat' dir='ltr'>arr</span> <span class='ocrx_word' id='word_1_305' title='bbox 831 4245 989 4313; x_wconf 84' lang='lat' dir='ltr'>Scipionibus</span> <span class='ocrx_word' id='word_1_306' title='bbox 1007 4246 1121 4299; x_wconf 88' lang='lat' dir='ltr'>fauturus</span> <span class='ocrx_word' id='word_1_307' title='bbox 1140 4250 1288 4301; x_wconf 86' lang='lat' dir='ltr'>narrauerit.</span> 
     </span>
     <span class='ocr_line' id='line_1_40' title="bbox 215 4329 1290 4406; baseline -0.002 -17"><span class='ocrx_word' id='word_1_308' title='bbox 215 4344 342 4404; x_wconf 84' lang='lat' dir='ltr'>praeterea</span> <span class='ocrx_word' id='word_1_309' title='bbox 356 4343 414 4406; x_wconf 85' lang='lat' dir='ltr'>quia</span> <span class='ocrx_word' id='word_1_310' title='bbox 427 4341 458 4391; x_wconf 88' lang='lat' dir='ltr'>de</span> <span class='ocrx_word' id='word_1_311' title='bbox 470 4340 545 4391; x_wconf 89' lang='lat' dir='ltr'>rebus</span> <span class='ocrx_word' id='word_1_312' title='bbox 555 4336 655 4399; x_wconf 76' lang='lat' dir='ltr'>Gallicis</span> <span class='ocrx_word' id='word_1_313' title='bbox 674 4333 863 4406; x_wconf 66' lang='grc' dir='ltr'>κεφαλαιωδῶς</span> <span class='ocrx_word' id='word_1_314' title='bbox 887 4334 932 4401; x_wconf 79' lang='lat'>(11,</span> <span class='ocrx_word' id='word_1_315' title='bbox 952 4336 996 4399; x_wconf 87' lang='grc'>14)</span> <span class='ocrx_word' id='word_1_316' title='bbox 1013 4329 1190 4389; x_wconf 48' lang='lat' dir='ltr'>&amp;immede</span> <span class='ocrx_word' id='word_1_317' title='bbox 1209 4348 1290 4401; x_wconf 79' lang='lat' dir='ltr'>agere</span> 
     </span>
     <span class='ocr_line' id='line_1_41' title="bbox 216 4426 865 4493; baseline -0.002 -18"><span class='ocrx_word' id='word_1_318' title='bbox 216 4426 264 4476; x_wconf 87' lang='lat' dir='ltr'>sibi</span> <span class='ocrx_word' id='word_1_319' title='bbox 283 4432 442 4493; x_wconf 85' lang='lat' dir='ltr'>proposuerat</span> <span class='ocrx_word' id='word_1_320' title='bbox 460 4426 535 4479; x_wconf 83' lang='lat' dir='ltr'>multe</span> <span class='ocrx_word' id='word_1_321' title='bbox 553 4426 697 4492; x_wconf 85' lang='lat' dir='ltr'>perstrinxit</span> <span class='ocrx_word' id='word_1_322' title='bbox 714 4434 758 4476; x_wconf 84' lang='lat' dir='ltr'>aut</span> <span class='ocrx_word' id='word_1_323' title='bbox 779 4426 865 4476; x_wconf 87' lang='lat' dir='ltr'>omisit.</span> 
     </span>
    </p>
   </div>
   <div class='ocr_carea' id='block_1_9' title="bbox 0 0 1493 4900">
    <p class='ocr_par' dir='ltr' id='par_1_9' title="bbox 0 0 1493 4900">
     <span class='ocr_line' id='line_1_42' title="bbox 0 0 1493 4900; baseline 0 0"><span class='ocrx_word' id='word_1_324' title='bbox 0 0 1493 4900; x_wconf 95' lang='lat' dir='ltr'> </span> 
     </span>
    </p>
   </div>
  </div>
 </body>
</html>
