2950 4900
640 355 860 421 „42-

213 573 340 654 pra‘eter
359 565 483 631 Liuium
505 565 650 654 (XXVH,
674 554 823 652 cof-227)
836 568 933 632 etiam
944 566 1155 650 fragmentum
1166 571 1282 656 Polybii

172 732 177 746 ,
213 675 273 762 (X,
292 673 354 759 32)
382 693 563 757 comparare
590 674 671 739 licet.
700 691 824 740 ‘omues
853 692 930 738 uero
953 675 987 738 in
1008 676 1190 742 uniuersum
1212 697 1281 744 con·

213 782 351 848 sentiunt
384 781 470 844 inter
499 799 532 846 se
564 781 734 846 referentes
767 780 951 846 Marcellum
982 781 1164 865 speculandi
1192 803 1282 848 caum

214 907 285 954 eum
318 887 436 970 collega
463 905 508 951 ae
540 883 648 970 paucis
683 885 841 970 equitibus
874 887 907 951 in
940 888 1096 952 tumulum
1127 889 1282 972 quendam

212 995 385 1080 profectuum
419 993 459 1058 ab
491 991 633 1058 Numidia
653 994 698 1058 ‘in
731 993 852 1058 inaidiia
868 1024 871 1035 =
890 994 1000 1076 positia
1039 995 1283 1060 cucumueulmm

212 1103 322 1168 lancea
355 1095 538 1164 mansfimum
572 1117 639 1163 ecee
676 1117 713 1163 ac
743 1097 923 1182 dherepam
949 1099 996 1164 ab
1028 1099 1189 1183 Appiano,
1231 1103 1282 1185 qui

213 1205 330 1294 (Hann.
358 1203 416 1290 50)
444 1201 625 1268 Marcellum
654 1209 771 1270 temere
800 1203 951 1269 Numidae
976 1200 1127 1288 praedam
1156 1214 1282 1290 agentes

212 1313 357 1379 adortum
383 1311 582 1377 intematum
611 1331 679 1377 esse
700 1307 807 1375 tradit.
853 1297 1054 1376 ¹statuendum
1075 1313 1172 1396 igitur
1193 1315 1281 1381 uobis

213 1426 262 1486 est
271 1439 351 1504 quae
361 1419 442 1484 ratio
456 1418 539 1481 inter
553 1422 617 1481 tres
631 1416 702 1481 illoc
718 1421 861 1481 auctores
873 1417 1056 1481 intercedat.
1079 1425 1176 1502 atque
1190 1440 1208 1484 e
1221 1421 1280 1486 Pc-

211 1526 295 1612 lybio
329 1525 454 1609 quidem
483 1543 543 1587 nec
575 1523 699 1586 Liuium
727 1543 786 1588 uec
806 1522 1008 1588 Plutarchum
1029 1523 1170 1590 hausisse
1192 1527 1281 1592 facile

171 1709 182 1726 ,
211 1631 416 1716 intellegitur,
432 1631 520 1714 'quia
546 1629 646 1694 multo
674 1629 807 1714 amplius
835 1649 902 1694 rem
928 1637 1076 1696 enarrant
1103 1654 1199 1716 quam
1220 1634 1281 1699 Pc-

212 1741 322 1824 lybiua
351 1757 372 1802 a
399 1757 461 1820 quc
483 1755 525 1799 ue
547 1733 801 1819 Fregellanorum
823 1734 959 1819 quidem,
983 1753 1062 1820 quoe
1082 1739 1115 1802 in
1135 1739 1191 1804 illo
1213 1759 1281 1804 cer·

173 1867 177 1872 ’
211 1841 329 1916 tamine
350 1848 429 1912 tam·
439 1842 562 1925 egregia
582 1839 774 1906 fortitudinia
803 1839 1100 1924 exemplaedidiese
1121 1844 1168 1908 illi
1180 1866 1282 1928 ¹preae-

213 1951 327 2028 dicant,
349 1949 386 2013 fit
407 1949 534 2025 mentio,
557 1947 598 2011 de
618 1967 747 2012 numeru
769 1967 844 2012 uero
866 1948 1007 2031 equitum
1018 1951 1163 2016 consules
1184 1953 1281 2016 comi-

212 2057 347 2122 tantium
360 2071 478 2150 *quem⁸
491 2073 597 2118 omnes
619 2051 772 2118 definiunt
794 2051 984 2118 dissentiunt
1005 2054 1046 2118 ab
1067 2076 1115 2121 eo
1160 2058 1282 2122 accedit

212 2164 298 2249 quod
319 2159 505 2228 'secundum
540 2155 685 2225 Liuium
702 2166 735 2224 et
771 2153 974 2226 Plutarchum
1007 2161 1161 2226 Numidae
1194 2169 1281 2228 certo

137 2327 148 2342 „
211 2261 546 2334 Hannibaheccncilio
568 2267 606 2330 in'
616 2263 734 2330 insidiis
750 2266 908 2344 locantur‚-
926 2267 1095 2332 secundum
1116 2267 1281 2352 Polybium

117 2421 132 2589 l
211 2382 317 2442 eutem
344 2389 419 2440 casu
448 2372 584 2457 quodam
616 2371 649 2436 in
676 2365 947 2437 tumulum-illum
968 2367 1146 2457 peruenisse
1168 2374 1280 2440 uiden-

224 2500 270 2547 ur.
294 2512 296 2519 ⁴
314 2480 425 2546 Liuius
451 2476 556 2545 autem
583 2484 616 2543 et
637 2474 823 2544 Plutarchus
845 2499 909 2545 non
921 2480 1024 2545 -modc
1045 2481 1086 2544 in·
1101 2479 1282 2547 uniumeum

114 2597 146 2622 ‘¹
244 2584 391 2653 nietam
425 2584 625 2667 de‘aingulie
656 2586 737 2650 miro
769 2584 864 2649 modo
896 2588 1086 2670 conspirant.
1129 2588 1163 2651 in
1189 2592 1282 2653 tauta

207 2686 533 2777 autem'singulorum
560 2690 764 2755 similitudme-
789 2707 827 2754 ec
852 2692 955 2774 magis
983 2692 1096 2757 mmtm
1124 2692 1281 2777 estquod

210 2802 249 2865 de
269 2820 333 2865 uua
344 2818 388 2863 re
409 2799 492 2861 iuter
515 2816 548 2860 se
563 2796 751 2861 deeeuthmt
765 2801 800 2860 et
810 2802 964 2880 pugnaat
987 2796 1028 2862 ab
1043 2792 1179 2881 utroque
1196 2801 1282 2864 enim

208 2912 355 2972 narratur
370 2904 477 2989 copias
492 2902 534 2966 ad
549 2902 773 2985 oppugnandos
788 2901 1027 2968 Locros-missas
1043 2903 1078 2967 in
1091 2904 1220 2970 insidiae
1239 2906 1281 2971 ab

209 3008 385 3077 Hannibale
408 3008 467 3074 eub
487 3006 761 3072 Petiliae'tumulo
784 3002 918 3073 structae
939 3008 1096 3074 incidiaee:
1136 3018 1282 3093 pugnant

209 3118 295 3183 uero·
307 3112 411 3181 aecum
434 3116 530 3200 copiis
559 3115 799 3181 Liuioauctcre
812 3123 841 3180 ‘a
858 3116 1000 3181 ‘Tarento
1022 3118 1138 3195 acutia
1153 3118 1281 3183 Plutar-
1308 3105 1352 3204 d,

210 3224 268 3288 cho
297 3228 423 3287 auctore
447 3244 466 3286 a
489 3222 667 3286 consulibus
690 3222 800 3287 misula.
814 3227 891 3286 »tum¹
906 3221 1013 3286 Liuius
1026 3223 1088 3288 duo
1101 3225 1190 3288 milia
1204 3217 1300 3289 plut«

208 3329 284 3394 enm
316 3326 378 3392 duc
405 3329 493 3393 milia
521 3334 553 3392 et
579 3326 766 3411 quingentos
795 3347 864 3393 esee
891 3348 998 3393 caesos
1011 3329 1140 3394 refert?
1171 3330 1282 3415 itaque
1308 3300 1345 3404 i*

208 3438 242 3501 in
263 3432 393 3501 dubium
420 3416 532 3500 saltem
560 3440 692 3499 uocatur
718 3454 794 3499 num
816 3434 924 3499 Liuius
945 3436 1016 3501 fons
1037 3436 1133 3500 firerit
1148 3434 1282 3501 Plutar-
1311 3446 1345 3475 t*

209 3541 267 3607 ehi.
313 3560 408 3625 quam
435 3540 663 3605 dubitationem
689 3559 753 3605 non
780 3560 847 3605 esse
874 3561 991 3605 uanam
1018 3547 1202 3625 argumento
1222 3540 1281 3607 fir·
1311 3519 1355 3613 *as

208 3647 346 3715 miseimo
380 3647 608 3731 comprobatur.
665 3646 850 3711 Plutarchus
883 3648 967 3711 enim
994 3649 1076 3733 (cap.
1100 3646 1205 3732 XXX)
1237 3648 1282 3712 de
1314 3668 1341 3695 o·

208 3760 308 3819 morte
341 3753 480 3817 Marcelli
511 3770 610 3835 ‘agene
630 3758 798 3835 postquam
819 3754 962 3817 narrauit
983 3760 1112 3837 'corpore
1132 3754 1200 3819 eiua
1215 3754 1281 3821 ›de-
1305 3747 1353 3786 ‘⁰'

208 3860 291 3926 eenti
325 3865 436 3924 ornatu
462 3858 547 3923 culto
580 3876 617 3925 ac
645 3858 806 3924 combusto
828 3878 901 3923 osea
922 3858 1019 3925 ciatee
1040 3865 1207 3943 argenteae
1226 3823 1340 3925 iri-bs«

208 3966 295 4032 clusa
326 3986 442 4031 corona
469 3984 565 4031 aurea
593 3965 717 4031 adiecta
746 3966 787 4031 ab
814 3967 991 4031 Hannibale
1019 3968 1061 4032 ad
1089 3967 1187 4032 filium
1209 3988 1281 4033 esse

207 4074 317 4149 missa,
336 4072 379 4136 'in
407 4072 519 4135 itinere
545 4091 621 4134 uero
649 4072 769 4154 impetu
796 4091 816 4135 a
838 4072 980 4137 Numidia
1003 4074 1100 4138 cistae
1121 4075 1282 4157 pretiosae

208 4172 327 4261 cupidis
349 4177 381 4239 in
405 4196 458 4240 eos
480 4177 535 4259 qui
562 4176 766 4258 deportarent
786 4173 873 4241 illam
894 4177 978 4242 facto
999 4178 1152 4263 dissipata
1173 4198 1280 4261 neque

208 4282 309 4345 denuo
341 4282 471 4346 collecta
502 4302 578 4357 esee,
609 4282 686 4345 haec
718 4282 821 4347 addit:
868 4286 964 4350 ταῦτα
990 4282 1052 4367 μὲν
1073 4267 1131 4350 οὖν
1151 4286 1190 4351 cl>
1205 4286 1282 4372 περὶ

208 4382 383 4474 Κορνήλιον
420 4390 560 4454 Νέπωτα
598 4386 650 4451 καὶ
684 4385 858 4474 Οὐαλέριον
898 4386 1051 4472 Μάξιμον
1088 4388 1280 4479 tumetium.
