2950 4900
653 309 969 395 „7'..,

223 544 294 610 aliis
319 545 354 610 in
386 541 542 629 prioribus
575 542 663 609 libris
691 543 826 610 Dionem
847 543 990 610 omnm
1016 565 1108 613 mum
1133 567 1217 627 esse,
1245 550 1303 634 qni

221 671 328 718 rerum
349 671 413 717 non
434 651 538 716 minus
558 649 756 736 publicarum
784 671 880 736 qnam
906 649 1089 718 bellioarum
1115 675 1176 720 usu
1203 659 1301 740 atque

222 757 416 842 aperientis
447 758 530 824 inter
562 757 710 841 aequales
743 757 909 824 eminebat.
960 758 1053 824 huius
1086 765 1153 828 tam
1184 761 1301 847 egregii

222 865 360 932 auctoris
382 864 515 958 historia
536 870 678 930 ueterum
711 870 888 949 temporum
921 866 1029 949 paneis
1055 871 1181 932 tantum
1206 884 1299 932 exoe-

221 973 285 1058 ptis
309 972 491 1058 fragmentis
531 972 616 1057 quod
654 974 774 1038 interiit
800 972 894 1038 ualde
920 972 1090 1040 dolendum
1117 979 1175 1040 est
1216 993 1299 1059 qnae

220 1079 343 1145 iactura
369 1080 477 1164 aliqua
504 1084 662 1164 exparte
689 1086 910 1164 oompensaun
946 1081 1089 1146 Zonaras
1122 1079 1297 1146 annalibus.

220 1185 444 1272 isdmonaohus
478 1207 671 1271 quamquam
704 1187 874 1252 uilissimos
907 1192 956 1252 est
982 1186 1076 1252 homo
1099 1191 1134 1252 et
1154 1187 1298 1271 sosiptor,

219 1299 332 1379 utpote
353 1293 409 1379 qui
429 1294 464 1359 in
486 1293 614 1360 exordio
635 1293 821 1379 profiteatur
853 1313 889 1358 se
910 1293 952 1358 od
974 1293 1139 1360 historiam
1160 1293 1297 1360 oondsn·

218 1398 305 1478 dam,
327 1405 365 1466 ut
385 1421 501 1484 prauus
523 1401 728 1484 cogitationes
748 1421 787 1465 ao
809 1391 996 1484 cupiditates
1017 1399 1193 1484 repelleret,
1220 1420 1297 1472 oon·

217 1507 336 1592 fugisse
357 1511 454 1591 atque
481 1506 584 1572 fontes
611 1527 684 1572 suos
712 1525 829 1590 eosque
855 1506 1059 1590 paucissimos
1086 1505 1295 1590 exscripsisse,

99 1627 106 1648 “
217 1619 328 1678 tamen
348 1613 439 1679 nobis
460 1613 567 1696 magni
581 1617 629 1678 est
643 1613 747 1696 pretii,
770 1613 846 1697 quie
867 1611 909 1676 ed
929 1611 1061 1678 uerbum
1074 1611 1177 1679 fontes
1190 1617 1296 1678 trans·

218 1719 358 1786 scribens
385 1719 486 1784 multa
513 1719 652 1784 seruauit
679 1739 719 1783 ex
747 1718 938 1797 auctoribus,
967 1727 1101 1802 quornm
1123 1739 1219 1804 opera
1240 1738 1295 1785 ae-

216 1829 319 1891 tatem
345 1846 409 1891 non
432 1826 580 1890 tulerunt.
630 1826 664 1890 in
691 1825 822 1891 historia
848 1825 932 1890 enim
959 1825 1102 1892 Romans
1128 1845 1228 1910 nsque
1253 1825 1295 1890 ad

217 1931 356 1998 deletam
378 1930 562 1998 Corinthum
583 1936 727 1997 auctores
748 1930 861 1997 habuit
881 1937 950 1997 tum
970 1931 1105 1998 Dionem
1125 1937 1194 1998 tum
1218 1931 1294 1998 Plu·

215 2038 372 2117 turollum,
395 2044 490 2122 atque
512 2039 545 2103 in
567 2057 606 2104 ea
627 2043 718 2122 parts
751 2057 834 2123 quae
856 2037 898 2102 ad
918 2043 1060 2105 nostram
1079 2040 1294 2123 quaestionem

215 2147 333 2213 attinet
364 2147 465 2212 solum
486 2145 629 2223 Dionem,
651 2166 715 2229 quo
736 2145 784 2211 ita
804 2145 953 2211 utebatur
984 2151 1022 2210 ut
1042 2145 1106 2210 alia
1126 2145 1293 2211 transscri-

214 2252 317 2330 beret,
339 2252 403 2317 alia
423 2253 697 2336 praetermitteret,
726 2252 791 2318 alia
817 2253 851 2318 in
878 2251 1008 2325 ments
1026 2251 1235 2332 oontsaheret,
1256 2258 1293 2318 ut

213 2357 265 2422 W.
279 2358 324 2424 Ἀ.
348 2357 489 2424 Schmidt
516 2357 571 2445 (de
599 2357 740 2424 fontibus
760 2359 912 2436 Zonaras,-
937 2357 1117 2424 Zeitsohriit
1142 2357 1164 2424 f.
1186 2357 1292 2424 Alter-

215 2466 358 2533 thomsw.
381 2465 430 2533 ed.
452 2466 690 2545 Zimmermann‚
720 2467 807 2533 1839
829 2489 860 2551 p.
889 2467 970 2552 238)
996 2466 1167 2532 oertissime
1188 2466 1290 2531 euioit.

217 2592 238 2637 e
260 2571 400 2639 Cornelio
422 2571 544 2656 Nepote
573 2570 639 2637 lere
666 2572 768 2637 nullos
794 2572 915 2638 fructus
936 2574 1096 2658 pemipem
1115 2588 1292 2656 possumne,

214 2678 293 2763 quie
319 2677 536 2743 excellentium
564 2678 679 2744 dueum
707 2678 921 2745 Romanorum
952 2678 1034 2746 libro
1067 2676 1191 2762 perdito
1223 2675 1291 2743 sola

211 2786 284 2851 uita
311 2784 497 2851 Hannibalis
525 2784 568 2849 ad
596 2790 736 2849 nostram
764 2786 982 2869 quaestionem
1007 2786 1132 2862 attinet,
1162 2781 1290 2849 deeius

212 2897 322 2958 autem
343 2892 491 2970 fontibus,
516 2888 715 2976 quamquam
721 2892 807 2957 haud
822 2893 989 2978 spernendi
1003 2898 1145 2958 auctores
1156 2890 1290 2957 laudan-

211 3005 269 3064 tur
295 3020 361 3084 oap.
386 3000 445 3065 13:
461 2998 620 3083 Polybius,
644 2996 799 3083 Sulpicius
814 2998 931 3077 Blitho,
946 3000 1034 3065 cuins
1055 3000 1116 3065 hoo
1130 2998 1198 3065 solo
1219 2998 1289 3065 loeo

209 3106 331 3170 mentio
352 3104 405 3182 iit,
433 3104 550 3171 Sosilus
573 3126 611 3170 ao
633 3103 766 3183 Silenus,
790 3104 977 3171 Hannibalis
998 3105 1138 3183 comites,
1159 3110 1289 3189 propter

209 3212 341 3277 nimiam
368 3210 498 3297 Nepotis
529 3212 682 3277 incuriam
709 3233 748 3278 ao
775 3212 945 3278 memoriae
970 3210 1186 3277 infirmitatem
1210 3210 1288 3277 nibil

209 3318 313 3383 oonioi
334 3322 447 3403 potest.
491 3324 577 3383 totus
599 3318 734 3402 deniqne
756 3318 840 3383 Liuii
862 3324 1053 3384 metatorum
1080 3324 1114 3384 et
1134 3320 1288 3403 epitoma·

208 3430 316 3490 torum
337 3444 429 3508 grex,
457 3423 513 3490 ubi
540 3426 607 3509 ipse
635 3424 744 3490 Liuius
766 3429 918 3508 superest,
940 3425 1007 3489 iure
1028 3425 1151 3509 neglegi
1170 3429 1286 3509 potest,

208 3534 375 3595 auctorum
388 3526 619 3615 deperditorum
640 3537 734 3597 tenue
756 3531 849 3597 affert
870 3531 1050 3598 subsidium.
1094 3553 1133 3598 ae
1153 3537 1228 3598 sunt
1240 3532 1287 3598 illi

208 3635 338 3720 quidem
360 3636 503 3703 Valerius
524 3638 695 3717 Maximus,
723 3638 826 3703 Julius
848 3638 970 3716 Florus,
997 3638 1177 3723 Eutropius,
1205 3638 1285 3704 Oro-

207 3743 285 3821 sius,
306 3743 450 3809 Auralius
473 3744 582 3810 Viator
603 3749 640 3809 ut
672 3744 771 3828 uulgo
794 3744 972 3829 appellatur
1003 3746 1058 3829 qui
1078 3744 1219 3811 libellum
1245 3744 1286 3810 de

207 3850 285 3915 oriris
306 3850 478 3916 illustribus
501 3852 683 3935 composuit.
728 3852 784 3935 qui
806 3872 870 3935 qua
891 3851 1013 3916 ratione
1040 3851 1090 3915 usi
1118 3851 1181 3916 sint
1201 3850 1285 3915 liuii

208 3956 374 4023 annalibus
413 3956 582 4042 explioauit
603 3957 642 4023 U.
664 3956 784 4023 thler
811 3956 912 4045 (Gott.
943 3958 1055 4043 1860).
1100 3956 1140 4022 de
1167 3956 1285 4022 Valerii

207 4064 339 4130 Maximi
360 4063 506 4131 fontibus
518 4062 617 4131 husius
639 4064 787 4130 disseruit
812 4062 931 4147 Kempf
948 4064 982 4128 in
1003 4062 1196 4148 praefatione
1217 4061 1284 4127 edi·

207 4170 311 4235 h‘onis.
356 4168 396 4235 de
424 4168 527 4235 Orosii
553 4169 621 4233 uita
649 4168 778 4253 eiusque
810 4168 1013 4234 historiarum
1040 4167 1129 4233 libris
1158 4166 1214 4231 Th.
1243 4166 1284 4232 de

206 4275 352 4343 Moerner
373 4274 624 4341 dissertationem
645 4275 771 4359 scripsit
792 4274 908 4362 (Rerol.
932 4274 1043 4359 1844).

313 4381 371 4447 His
398 4382 576 4464 praemissis
610 4381 747 4465 singulas
780 4382 866 4447 uitae
894 4380 984 4447 Fabii
1016 4380 1148 4451 Maximi
1175 4385 1283 4463 partes
