2950 4900
628 372 849 438 ..44-

210 581 292 648 inter
306 601 339 648 se
354 584 537 650 coniunctae
552 591 665 665 essent,
689 607 743 652 eos
760 585 939 652 adhibuisse
960 585 1045 650 credi
1059 585 1168 669 possit,
1183 583 1273 651 Fabi·

210 709 263 754 um
284 687 438 756 Pictorem
464 695 571 756 autem
598 691 680 756 Liuii
708 691 828 757 fontem
855 691 968 756 saltem
995 692 1028 756 in
1049 691 1134 758 bello
1156 691 1273 756 Gallico

112 795 751 932 ›.}p<meQbauemm,
773 798 861 864 nulla
882 798 1096 863 controuersia
1116 798 1207 863 nobis
1227 799 1273 862 ui·

119 894 185 1014 Ala!
209 899 301 970 deus
322 921 390 968 asse
412 903 488 987 quin
509 891 726 991 nequeatque
749 905 979 981 antonomum,
1002 925 1083 988 quae
1104 910 1274 987 congruunt

110 997 185 1147 272
208 1011 265 1074 aut
289 1007 371 1074 inter
391 1009 594 1076 Plutarchum
622 1015 655 1075 ot
682 1010 807 1076 Liuium
834 1015 892 1075 aut
917 1011 1001 1075 inter
1021 1009 1224 1076 Plutarchum
1244 1015 1275 1074 et

110 1103 381 1227 sprolubium
404 1131 422 1181 e
445 1116 480 1194 Q.
503 1115 594 1182 Fabii
616 1116 748 1182 Pictoris
770 1117 936 1182 annalibus
956 1117 1162 1181 manauerint.
1206 1114 1275 1180 huic

110 1213 285 1320 :profluere
312 1239 415 1286 rerum
441 1223 612 1288 humationi
633 1243 659 1287 e
684 1221 783 1288 Fabio
804 1222 929 1288 Pictore
950 1221 1134 1306 desumptae
1155 1223 1275 1287 Plutu-

115 1292 294 1448 ψὲἷιῖἒ
308 1326 484 1412 ubicunque
506 1329 627 1394 occasio
651 1327 726 1394 data
748 1333 797 1393 est
818 1349 857 1396 ac
870 1329 994 1412 saepius
1016 1334 1053 1392 nt
1073 1321 1115 1392 in'
1128 1329 1197 1392 uita
1216 1327 1275 1392 Fa·

118 1436 123 1445 '
156 1431 253 1516 “qlbii
275 1431 404 1500 tunm
425 1436 672 1502 naratiunculas
695 1436 736 1501 ad
764 1456 866 1501 mores
886 1434 1028 1500 Marcelli
1049 1433 1275 1500 adumbrandos

110 1529 144 1550 ““
161 1538 187 1551 “’
210 1544 243 1605 et
264 1559 314 1606 res
335 1539 378 1606 ad
406 1542 608 1627 antiquitates
636 1548 814 1628 spectantes
841 1563 882 1608 ex
903 1543 1000 1608 uariis
1021 1540 1200 1606 auctoribus
1219 1540 1275 1603 im-

211 1644 341 1714 miscunt.

316 1751 433 1820 Contra
459 1753 540 1821 hanc
568 1756 755 1821 sententiam
785 1775 848 1845 non
876 1773 1021 1818 ueremur
1041 1752 1175 1836 nequis
1196 1751 1278 1816 dicat

211 1857 343 1926 Fabium
364 1859 519 1927 Pictorem
540 1881 641 1944 neque
663 1881 684 1925 a
705 1859 873 1926 Plutarcho
894 1860 928 1924 in
950 1858 1000 1924 his
1020 1858 1095 1923 uitis
1116 1878 1220 1942 neque
1238 1857 1278 1920 ab

211 1963 275 2034 ullo
297 1971 424 2032 aucwre
444 1971 517 2051 post
538 1987 676 2051 pugnam
697 1966 892 2031 Cannensem
913 1963 1076 2029 locustum
1098 1985 1176 2028 esse.
1208 1983 1279 2027 nam

213 2073 419 2138 ueteranos
441 2071 549 2138 eadem
572 2093 646 2138 curra
673 2077 770 2155 atque
791 2063 896 2137 ¹nostri
918 2068 1071 2154 quidquid
1093 2090 1133 2134 ex
1154 2073 1279 2134 auctore

213 2177 319 2262 aliquo
341 2178 491 2264 petebant
511 2179 637 2246 nomine
652 2179 718 2244 eius
733 2179 878 2262 apposito
889 2176 1124 2261 profitebantur,
1147 2174 1204 2240 sed
1224 2195 1279 2240 au-

213 2288 314 2351 ctores
342 2286 502 2352 nominare
530 2306 595 2351 non
622 2285 764 2351 solebant
792 2285 853 2349 nisi
873 2285 995 2348 uariam
1015 2283 1061 2348 rei
1082 2281 1214 2347 alicuius
1234 2281 1281 2346 fa·

214 2411 297 2459 mam
320 2413 388 2461 esse
415 2392 707 2460 munerasset
729 2397 786 2459 aut
807 2393 964 2477 singulare
986 2387 1137 2476 qucum
1159 2368 1199 2453 a}
1221 2387 1282 2453 auo

214 2504 341 2565 auctore
367 2498 489 2567 adicere
510 2501 667 2568 uolebant.
694 2501 741 2566 ita
750 2500 1111 2573 baudrarofactumest
1132 2501 1283 2560 utneeo-

214 2626 284 2671 rum
296 2606 592 2694 quidemauctorum
603 2628 735 2693 quorum
749 2607 945 2691 potissimum
957 2604 1176 2670 auctoritatem
1187 2600 1285 2665 secuti

216 2717 289 2779 sunt
314 2713 442 2779 nomina
469 2712 629 2779 adderent.
673 2718 769 2796 atque
796 2717 833 2777 ut
859 2712 893 2781 in
919 2710 1034 2776 nostris
1058 2708 1133 2772 uitis
1158 2705 1285 2771 Plutar-

216 2820 308 2887 chum
334 2820 467 2886 Fabium
494 2819 650 2885 Pictorem
678 2817 830 2884 celauisse
857 2816 1003 2893 uidimus,
1031 2816 1077 2880 ita
1098 2818 1200 2878 totam
1219 2812 1285 2877 fere

217 2928 316 2993 sutem
342 2926 521 2993 Publicolae
549 2946 567 2993 e
594 2926 720 2991 Valerio
749 2925 879 2989 Antiate
907 2928 1085 3009 excerptam
1112 2942 1181 2986 esse
1202 2920 1290 2985 nulla

218 3162 242 3206 s.
265 3140 285 3205 l.
308 3161 378 3225 pag.
401 3140 453 3207 24.
488 3162 589 3225 neque
611 3139 713 3223 magis
736 3158 776 3202 ex
797 3158 835 3201 eo
858 3135 943 3220 quod
964 3134 1008 3201 ad
1031 3132 1164 3200 Fabium
1185 3131 1291 3197 Picto·

218 3267 285 3311 rem
312 3252 385 3330 post
410 3267 548 3331 pugnam
575 3244 659 3329 apud
695 3243 944 3309 Trasumennum
977 3240 1173 3306 commissam
1206 3232 1290 3325 (Liu.

219 3352 320 3432 XXII,
350 3353 384 3438 7)
413 3357 446 3417 et
475 3351 669 3418 Cannensem
695 3355 832 3433 stragem
859 3349 953 3435 (App.
980 3346 1084 3411 Hann.
1113 3344 1171 3429 27)
1199 3362 1293 3407 nemo

219 3458 404 3544 prouocauit
425 3458 528 3542 colligi
550 3458 654 3534 debet,
677 3460 714 3521 ut
730 3454 858 3520 uoluere
874 3451 1011 3537 quidam,
1034 3471 1106 3515 eum
1126 3448 1211 3514 ultra
1232 3470 1293 3534 pu-

220 3585 313 3649 gnam
342 3562 534 3630 Cannensem
561 3562 724 3629 himerium
753 3582 842 3627 suam
868 3580 932 3624 non
957 3556 1151 3642 produxisse.
1196 3556 1293 3621 immo

219 3674 287 3739 ueri
320 3671 510 3737 simillimum
542 3674 591 3735 est
608 3667 755 3734 'Fabium
785 3666 955 3742 Pictorem,
994 3663 1048 3746 qui
1079 3660 1164 3727 haud
1198 3660 1294 3727 dubie

221 3777 390 3865 grandibus
421 3776 496 3842 belli
518 3774 716 3859 Hannibalici
742 3771 866 3838 casibus
886 3769 1040 3835 excitatus
1067 3767 1109 3832 ad
1129 3767 1310 3833 historiam·

222 3886 396 3951 Romanam
417 3882 515 3949 literis
538 3880 749 3948 mandandam
770 3898 837 3943 sese
853 3876 996 3954 accinxit,
1014 3873 1079 3939 hoc
1100 3873 1203 3957 ipsum
1225 3871 1295 3937 bel·

222 3979 289 4057 lum
311 3988 460 4073 singulari
482 4010 552 4054 cum
579 3986 741 4069 diligentia
762 3982 970 4050 enarrandum
991 3980 1051 4045 sibi
1072 3978 1250 4063 sumpsisse.

470 4246 958 4281 ..ψῃ-...Μ
