2950 4900
649 384 867 450 ‚5-

216 604 305 664 satus
329 619 367 664 ac
389 599 534 664 fortunae
556 597 785 664 uicissitudines
807 619 903 683 qnam
917 591 1116 665 acerbissime
1136 602 1295 663 esset'ex·

215 709 333 788 pertus.
378 703 452 770 huic
473 723 549 770 uero
571 704 717 788 dignitati
747 727 785 770 ac
813 706 1025 790 praestantiae
1050 703 1172 789 Polybii
1199 703 1296 770 officit
1392 780 1393 783 Ἴ

216 809 367 875 orationis
395 810 518 875 siccitas
541 815 574 876 et
595 810 725 876 durities
754 817 850 895 atque
877 811 1055 895 frequentia
1080 811 1295 876 ratiocinatio·

216 937 293 981 num
315 917 601 1000 egressionumque‚
631 939 696 1000 qua
723 939 798 982 sane
823 917 992 1001 fatigamur
1019 937 1144 1000 quaque
1176 916 1295 982 factum

217 1028 275 1100 est,
297 1027 334 1086 ut
354 1024 453 1107 magis
471 1043 566 1107 quam
592 1043 652 1108 par
685 1030 797 1119 erata
822 1024 982 1089 ueteribus
1008 1021 1231 1106 neglegeretur.
1275 1043 1296 1087 a
1392 1060 1393 1085 ι

216 1127 346 1212 Polybio
369 1130 653 1214 quamplurimum
676 1131 774 1197 distat
794 1131 912 1197 Liuius.
958 1131 1071 1215 quibus
1093 1131 1176 1196 enim
1194 1130 1295 1195 uirtu-

216 1234 301 1300 tibus
334 1234 388 1300 ille
419 1242 564 1320 praestat
586 1235 638 1302 hic
666 1243 715 1302 est
741 1238 878 1316 inferior,
908 1237 1022 1321 quibus
1049 1236 1104 1301 ille
1131 1241 1218 1302 caret
1243 1234 1296 1301 hic

217 1340 316 1406 floret.
361 1343 512 1408 sermonis
535 1343 618 1408 enim
640 1343 796 1428 elegantia
811 1348 844 1409 et
865 1336 1068 1420 iucunditate,
1091 1363 1155 1426 qua
1175 1343 1294 1426 primus

217 1469 257 1512 ex
290 1449 449 1514 annalium
479 1449 665 1534 scriptorum
698 1451 801 1516 ieiuno
841 1450 963 1516 dicendi
991 1468 1104 1534 genere
1135 1467 1295 1531 emergens

218 1554 399 1620 uniuersam
419 1555 529 1640 populi
550 1555 684 1622 Romani
705 1555 869 1621 historiam
893 1555 1073 1633 illustrauit,
1103 1558 1136 1618 et
1161 1554 1295 1636 ingenuo

218 1680 313 1725 sensu
334 1681 373 1726 aa
394 1662 540 1740 candore,
569 1683 633 1745 quo
660 1662 694 1726 in
722 1662 816 1728 rebus
844 1661 999 1727 clarorum
1019 1661 1159 1726 uirorum
1179 1658 1295 1725 descri-

217 1766 329 1832 bendis
356 1767 468 1833 ductus
497 1774 560 1845 est,
588 1768 736 1851 aequales
765 1774 798 1834 et
824 1773 967 1852 posteros
993 1767 1064 1852 pari
1090 1766 1295 1831 admiratione

216 1872 338 1938 imbuit.
383 1881 418 1938 at
439 1873 614 1942 cauendum
637 1879 695 1951 est,
718 1894 758 1938 ne
780 1873 841 1939 hoc
861 1872 982 1956 fulgore
1005 1892 1211 1938 oecaecemur.
1245 1876 1295 1937 at-

218 2001 281 2064 que
302 1981 453 2046 intentius
474 1980 667 2064 inquirentes
689 1980 723 2045 in
746 1980 1003 2064 compositionem
1025 1983 1058 2044 et
1079 1983 1296 2062 argumentum

216 2086 419 2151 historiarum
441 2085 527 2150 haud
547 2085 633 2150 leuia
653 2085 733 2150 uitia
747 2085 1041 2160 animaduertemns.
1071 2083 1113 2149 ad
1134 2083 1296 2150 historiam

157 2209 158 2212 ’
217 2191 302 2257 enim
322 2191 577 2258 conscribendam
605 2194 736 2258 accessit
762 2193 881 2283 Liuius,
908 2193 1091 2277 priusquam
1117 2211 1296 2276 expressam

216 2298 385 2380 imaginem
409 2300 475 2363 eius
491 2299 678 2382 cogitatione
693 2297 847 2376 finxisset,
871 2297 1000 2363 annales
1021 2317 1096 2362 nero
1111 2317 1214 2380 neque
1229 2319 1295 2363 om-

216 2423 275 2469 nes
318 2426 397 2490 quos
426 2404 502 2471 data
533 2425 628 2490 opera
656 2404 716 2471 sibi
743 2405 910 2471 conciliare
940 2408 1067 2489 poterat
1098 2404 1295 2489 conquisiuit,

218 2531 321 2595 nsque
355 2533 408 2579 eos
443 2514 556 2597 quibus
596 2534 670 2577 usus
699 2519 749 2578 est
776 2517 868 2577 tanta
897 2516 1017 2596 quanta
1054 2509 1190 2577 debebat
1222 2531 1297 2576 cura

198 2653 200 2659 r
219 2616 363 2712 adhibuit
385 2626 442 2685 aut
455 2621 572 2705 ubique
595 2640 701 2687 omnes
717 2620 882 2697 consuluit,
904 2617 960 2683 sed
982 2623 1051 2683 tum
1064 2616 1123 2683 hos
1144 2623 1212 2683 tum
1226 2616 1296 2683 illos

218 2730 345 2806 secutus
368 2731 425 2791 est.
470 2731 581 2791 contra
602 2726 713 2791 eodem
734 2725 805 2791 loco
826 2724 912 2789 haud
926 2743 999 2790 raro
1021 2724 1125 2789 uarias
1149 2723 1296 2790 diuersis-

217 2830 369 2895 simorum
390 2836 553 2896 auctorum
575 2832 745 2897 relationes
766 2831 948 2915 permiscuit
968 2852 1007 2896 ao
1023 2829 1172 2895 confudit
1213 2828 1297 2894 unde

217 2953 350 3014 errores,
379 2937 464 3002 locos
499 2938 646 3003 obscuros
675 2943 708 3003 et
740 2938 823 3003 inter
854 2959 888 3004 se
921 2933 1129 3021 repugnantes
1157 2935 1297 3001 extitisse

217 3060 312 3107 nemo
334 3043 394 3107 erit
422 3042 477 3126 qui
498 3043 637 3109 miretur.
682 3044 820 3129 antiquis
842 3050 948 3109 antem
969 3042 1187 3119 monumentis,
1216 3060 1296 3126 quae

217 3156 298 3214 tunc
325 3148 400 3214 satis
416 3149 531 3242 ⁸multa
559 3149 748 3233 superfuisse
777 3170 795 3215 e
829 3150 980 3235 Dionysio
1001 3146 1225 3213 Halicamaseo
1247 3146 1296 3212 di-

218 3256 345 3333 scimus,
367 3255 518 3327 adeundis
541 3250 660 3319 'nullam
675 3276 804 3340 operam
824 3256 921 3333 dedit,
943 3261 980 3320 ut
1000 3260 1057 3319 tuo
1079 3255 1147 3319 iure
1177 3254 1297 3321 diceres

217 3382 285 3428 non
316 3367 519 3427 monumenta
551 3361 643 3426 Liuio
670 3361 726 3426 sed
758 3361 884 3427 Liuium
915 3361 1125 3427 monumentis
1153 3360 1296 3426 dedisse.

218 3468 342 3535 accedit
376 3467 460 3552 quod
500 3472 648 3533 nonnata
674 3474 829 3533 terrarum
863 3468 1038 3553 cognitione
1074 3467 1201 3533 minime
1229 3473 1299 3533 erat

217 3578 389 3642 instructus
402 3578 434 3639 et
456 3595 476 3639 a
497 3594 532 3638 re
553 3572 681 3658 publica
690 3574 826 3657 gerenda
847 3580 985 3641 remotus
1012 3596 1077 3640 non
1104 3574 1208 3659 potuit
1229 3594 1298 3640 esse

218 3702 259 3747 ea
281 3682 460 3764 sagacitate,
490 3702 554 3764 qua
577 3702 639 3763 quo
662 3701 746 3746 nexu
774 3702 825 3746 res
852 3681 984 3774 diuersis
1011 3681 1088 3746 locis
1116 3686 1222 3765 gestae
1244 3701 1297 3749 co-

217 3788 401 3864 haererent,
429 3786 543 3871 quibue
571 3786 673 3853 causis
702 3792 806 3865 ortae,
835 3787 890 3871 qui
911 3793 1042 3853 euentus
1064 3788 1162 3853 futuri
1183 3792 1296 3864 essent,

218 3893 417 3978 perspiceret.
461 3892 495 3956 in
517 3892 613 3957 tertia
640 3896 747 3957 autem
769 3890 887 3957 decade
909 3912 990 3976 quae
1004 3891 1097 3958 nobis
1111 3889 1298 3957 conferenda

220 4003 270 4063 est
301 3997 434 4063 Fabium
455 3996 621 4073 Pictorem,
644 3994 785 4062 Cincium
805 3996 1007 4075 Alimentnm,
1029 3997 1177 4066 Latinum
1198 3996 1297 4062 (irae

220 4124 329 4169 corum
349 4102 443 4167 anni
463 4102 642 4169 Glabrionis
662 4105 823 4169 annalium
836 4103 1049 4190 interpretem,
1072 4104 1211 4170 Caelium
1231 4103 1297 4170 An·

220 4211 382 4296 tipatrum,
413 4208 574 4282 Veledam
601 4208 777 4288 Antiatem,
805 4208 1008 4295 Calpurnium
1035 4210 1197 4289 Pisonem,
1225 4208 1297 4276 Glo-

220 4314 308 4383 dium
329 4314 484 4383 Licinium
505 4321 539 4382 et
560 4313 696 4381 Graecos
718 4316 857 4383 Silenum
883 4338 922 4382 ac
937 4314 1101 4401 Polybium
1122 4335 1157 4381 se
1185 4335 1297 4383 consu-

219 4423 317 4488 luisse
350 4421 418 4505 ipse
446 4420 621 4507 profitetur.
682 4443 776 4506 quem
810 4442 885 4487 uero
912 4420 1110 4504 potissimum
1137 4425 1297 4484 auctorem

1308 4562 1393 4583 Δ
