2950 4900
634 356 856 424 ..33-

206 575 245 636 et
266 568 386 636 Graeca
408 569 441 634 in
467 567 535 648 loro
562 567 671 634 boario
692 567 775 634 uiuis
796 567 927 634 defossis
949 587 1021 632 cum
1042 565 1131 634 Oros.
1150 572 1184 632 et
1203 567 1283 634 Zon.

207 678 259 762 (et
279 674 379 740 Dione
395 671 502 740 Gassio
517 678 652 763 excerpt.
674 673 777 740 Vates.
801 674 869 760 12),
892 670 932 739 de
954 672 1029 740 diris
1044 672 1193 762 prodigiis
1208 692 1283 740 cum

209 781 299 847 Oros.
329 787 362 846 et
383 780 474 858 Zon.,
503 778 657 845 derebus
680 800 700 844 a
721 778 875 846 Flaminio
897 779 1024 846 consule
1044 780 1145 846 inuito
1167 775 1282 846 sena'tu

208 907 358 972 prospere
380 878 538 992 gestisfde
551 908 650 1016 {magis
700 891 736 952 tu
758 886 788 952 ei
809 886 960 970 abrogato
977 886 1135 971 triumpho
1151 885 1281 953 decreto

209 993 252 1058 de
273 992 355 1058 bello
371 1014 392 1057 a
407 991 556 1057 Marcello
578 1012 613 1057 re
700 993 793 1075 gr'ato
814 1012 887 1057 cum
907 993 994 1070 Zon.,
1017 991 1058 1057 de
1079 992 1194 1058 illustri
1214 993 1283 1058 eius

211 1099 345 1166 uictoria
354 1121 425 1164 cum
438 1097 591 1175 omnibus,
603 1096 642 1163 de
664 1097 851 1163 Virdomaro
872 1118 946 1181 rege
968 1119 990 1163 a
1010 1097 1159 1164 Marcello
1180 1099 1283 1168 oceno

210 1228 284 1272 cum
304 1205 387 1270 Liuii
409 1205 483 1287 epit.
505 1202 586 1282 XX„
614 1203 755 1287 Eutrop.‚
778 1202 877 1281 Oros,
899 1203 940 1268 de
961 1205 1045 1270 bello
1066 1204 1107 1270 ab
1130 1204 1283 1270 ambobus

210 1311 390 1378 consulibus
419 1314 547 1394 peracto
575 1331 647 1374 cum
675 1308 764 1375 Oros.
793 1315 826 1378 et
853 1310 929 1375 Zon.
957 1310 1112 1394 copiosius
1134 1309 1283 1376 describit

209 1419 333 1502 insigne
346 1415 538 1483 fortibrdinis
554 1415 739 1499 exemplum,
763 1413 848 1499 quod
867 1414 1033 1481 Marcellus
1046 1415 1183 1482 hostium
1204 1416 1284 1482 duce

209 1544 358 1609 percusso
391 1522 559 1607 spoliisque
592 1522 703 1605 opimis
725 1542 766 1586 ex
795 1541 836 1588 ‚eo
868 1520 977 1586 relatis
1004 1521 1154 1588 ediderat.
1198 1522 1284 1588 solus

209 1635 367 1698 memorat
387 1629 444 1707 IH,
468 1629 509 1692 16
533 1627 709 1694 sacerdotes
730 1627 815 1693 bello
837 1627 957 1693 Gallico
977 1627 1130 1711 flagrante
1151 1627 1284 1694 militiae

209 1738 408 1804 uacationem
442 1757 505 1801 non
537 1734 683 1801 habuisse
718 1755 758 1800 ac
789 1733 882 1812 VIII,
921 1734 963 1799 38
999 1734 1154 1819 superatis
1185 1733 1293 1805 Gallis.

211 1864 232 1908 e
264 1841 397 1927 praeda'
421 1840 560 1924 Delphos
599 1845 632 1906 et
669 1840 800 1906 Hieroni
839 1837 1061 1926 Syracusarum
1094 1840 1160 1924 regi
1199 1838 1284 1905 dona

211 1967 283 2012 esse
314 1947 417 2012 missa.
473 1967 575 2031 neque
613 1968 671 2012 nos
709 1946 867 2014 offendere
902 1952 1023 2033 potest,
1060 1945 1145 2032 quod
1180 1966 1285 2030 regem

215 2051 423 2118 Gaesatorum
456 2073 476 2117 a
507 2051 655 2118 Marceho
688 2053 885 2118 interfectum
911 2052 1097 2119 Plutarchus
1124 2051 1283 2140 Βρνεόμα-

213 2181 281 2237 ccc,
308 2178 414 2224 omues
442 2164 584 2224 auctores
617 2159 751 2224 Romani
767 2158 799 2243 ²⁸)
834 2158 1053 2226 Virdomarum
1085 2166 1142 2226 aut
1173 2160 1285 2244 paulu-

210 2264 284 2329 lum
317 2262 527 2347 discrepantes
566 2264 803 2342 Virduman1m‚
847 2264 1092 2344 Vimdmm,
1141 2264 1285 2332 Viriodo-

214 2389 340 2436 marum
367 2371 539 2436 nominant.
588 2392 663 2436 nam
689 2392 804 2436 nomen
825 2370 903 2435 illud
924 2370 1093 2438 barbarum
1114 2393 1152 2438 ac
1174 2371 1287 2438 dmum

215 2497 240 2542 a
265 2475 403 2542 Graecae
435 2477 560 2560 linguae
593 2477 721 2542 lenitate
753 2475 924 2543 abhorrens
953 2475 1072 2543 Graeco
1095 2478 1142 2543 ori
1163 2499 1286 2544 accom-

215 2583 380 2651 modatum
412 2584 536 2649 uidetm
570 2604 645 2649 esse.
691 2605 763 2649 cum
796 2583 859 2649 alio
890 2590 996 2650 autem
1024 2583 1103 2649 duce
1125 2582 1287 2650 Gallorum

215 2691 420 2769 Brittomaro,
447 2712 542 2775 quem
570 2690 611 2757 ab
631 2690 770 2756 ‘Aemilio
806 2690 933 2756 consule
960 2690 1080 2756 uictmn
1106 2711 1174 2756 esse
1201 2690 1286 2757 solus
1355 2707 1363 2724 ¹

216 2797 331 2864 Florus
350 2798 391 2875 11,
419 2797 442 2860 4
463 2795 610 2881 prodidit,
633 2796 836 2861 Plutarchum
857 2795 1075 2861 Virdomarum
1096 2794 1282 2872 confudisse,

217 2902 306 2987 quod
334 2904 402 2987 quis
434 2903 559 2987 opinari¹
582 2902 697 2987 possit,
726 2901 811 2967 credi
831 2922 895 2967 non
915 2907 1030 2987 potest,
1055 2903 1214 2987 quianon
1235 2922 1286 2967 so-

217 3011 285 3075 lum
312 3009 345 3073 in
375 3007 454 3073 libro
483 3028 545 3091 quo
566 3008 626 3074 hoc
647 3008 716 3073 loco
739 3029 815 3073 usus
837 3013 886 3073 est
907 3008 962 3073 sed
984 3010 1080 3074 etiam
1100 3007 1184 3092 apud
1206 3006 1286 3072 Var-

217 3134 337 3193 ronem,
365 3114 419 3180 ubi
445 3113 513 3178 fieri
540 3134 602 3178 non
629 3114 733 3198 potuit
761 3119 798 3178 ut
824 3112 958 3179 duorum
979 3113 1141 3180 Gallorum
1162 3115 1288 3179 nomina

219 3220 491 3297 conlimderentun
528 3218 613 3283 idem
640 3234 754 3285 nomeu
782 3218 858 3303 legit
884 3218 938 3305 (cf.
965 3219 1047 3285 Plut.
1075 3219 1171 3285 Marc.
1194 3219 1286 3298 VII13

219 3327 343 3393 Romul.
376 3325 452 3391 XVI
459 3349 468 3402 ;
502 3326 586 3390 Fest.
608 3326 767 3409 mopima
799 3325 909 3409 spolia,
939 3346 1009 3408 pag.
1046 3326 1110 3391 186
1142 3332 1174 3391 et
1207 3348 1288 3410 quae

220 3428 393 3519 posteade
413 3432 452 3496 iis
474 3431 550 3497 locis
577 3432 791 3515 exponemus).
814 3430 933 3513 aliquid
948 3430 1052 3495 differt
1065 3430 1287 3498 Plutarchusa

219 3542 354 3617 Zonara,
377 3539 430 3624 qui
452 3558 523 3603 cum
544 3537 673 3623 Polybio
694 3537 736 3615 Π,
759 3538 803 3601 34
836 3537 1031 3602 consentiens
1054 3536 1152 3602 Gallis
1178 3544 1288 3623 peteu-

219 3647 306 3713 tibus
317 3666 426 3731 pacem
448 3664 510 3709 uon
533 3664 601 3709 esse
627 3663 807 3709 concessam
829 3641 968 3720 tradidit,
991 3664 1062 3708 cum
1083 3642 1158 3708 dicit
1177 3664 1287 3729 pacem

187 3734 193 3744 Δ
222 3774 318 3837 quam
355 3750 551 3815 dissuasisset
583 3750 749 3815 Marcellus
780 3769 815 3813 re
864 3749 990 3827 factam,
1030 3770 1051 3814 a
1094 3748 1193 3816 Gallis
1230 3772 1287 3816 au-

220 3868 287 3927 tem
308 3864 433 3944 ruptam
452 3877 530 3923 esse.
554 3856 664 3942 quodsi
678 3877 754 3922 uero
769 3855 860 3921 XXX
873 3848 961 3921 milia
974 3854 1183 3922 Gaesatorum
1204 3856 1289 3941 apud

329 4141 354 4207 *)
372 4141 427 4193 Liu.
446 4158 485 4209 ep.
504 4142 567 4199 XX:
590 4141 653 4193 Flor.
672 4138 706 4201 II,
725 4140 754 4202 43
777 4138 880 4207 Eutrop.
898 4138 947 4203 III,
964 4140 996 4203 ῦς
1018 4138 1087 4195 Oros,
1105 4140 1150 4202 IV,
1170 4141 1214 4201 13;
1233 4139 1288 4193 Au·

222 4231 267 4284 rcl.
290 4230 354 4284 Vict.
377 4232 425 4291 453
452 4232 564 4298 Propert.
588 4228 632 4290 IV,
658 4230 699 4290 10,
722 4229 770 4290 413
796 4228 866 4281 Seru.
895 4230 928 4281 ad
946 4228 1010 4283 Aen.
1027 4229 1073 4289 VI.
1089 4229 1153 4290 8563
1180 4229 1244 4281 Fest.
1262 4244 1288 4280 u.

224 4322 306 4386 opima
327 4320 414 4387 spolia,
432 4336 489 4387 pag.
516 4320 566 4374 186
590 4318 698 4386 (Mull.);
717 4323 774 4371 acts
791 4319 906 4386 triumph
925 4316 1030 4387 Capitol
1052 4322 1079 4371 iu
1101 4333 1167 4385 corp.
1185 4319 1290 4370 iuscr.1

222 4427 247 4477 p.
268 4411 328 4465 les.

1066 4496 1082 4548 3
