<?xml version="1.0" encoding="UTF-8"?>
<!DOCTYPE html PUBLIC "-//W3C//DTD XHTML 1.0 Transitional//EN"
    "http://www.w3.org/TR/xhtml1/DTD/xhtml1-transitional.dtd">
<html xmlns="http://www.w3.org/1999/xhtml" xml:lang="en" lang="en">
 <head>
  <title>
</title>
<meta http-equiv="Content-Type" content="text/html;charset=utf-8" />
  <meta name='ocr-system' content='tesseract 3.04.00' />
  <meta name='ocr-capabilities' content='ocr_page ocr_carea ocr_par ocr_line ocrx_word'/>
</head>
<body>
  <div class='ocr_page' id='page_1' title='image "./quibusfontibusp00buchgoog_0021.png"; bbox 0 0 2950 4900; ppageno 0'>
   <div class='ocr_carea' id='block_1_1' title="bbox 640 355 859 420">
    <p class='ocr_par' dir='ltr' id='par_1_1' title="bbox 640 355 859 420">
     <span class='ocr_line' id='line_1_1' title="bbox 640 355 859 420; baseline 0.005 -18"><span class='ocrx_word' id='word_1_1' title='bbox 640 355 859 420; x_wconf 66' lang='lat'>...13„.</span> 
     </span>
    </p>
   </div>
   <div class='ocr_carea' id='block_1_2' title="bbox 201 567 1382 4480">
    <p class='ocr_par' dir='ltr' id='par_1_2' title="bbox 201 567 1382 4480">
     <span class='ocr_line' id='line_1_2' title="bbox 206 567 1280 654; baseline 0.006 -23"><span class='ocrx_word' id='word_1_2' title='bbox 206 571 302 632; x_wconf 68' lang='lat' dir='ltr'>tutto</span> <span class='ocrx_word' id='word_1_3' title='bbox 325 572 500 648; x_wconf 70' lang='lat' dir='ltr'>cataponti</span> <span class='ocrx_word' id='word_1_4' title='bbox 518 567 663 631; x_wconf 78' lang='lat' dir='ltr'>tortium</span> <span class='ocrx_word' id='word_1_5' title='bbox 685 573 719 632; x_wconf 78' lang='lat' dir='ltr'>tn</span> <span class='ocrx_word' id='word_1_6' title='bbox 744 574 829 648; x_wconf 79' lang='lat' dir='ltr'>octe,</span> <span class='ocrx_word' id='word_1_7' title='bbox 852 571 951 632; x_wconf 71' lang='lat' dir='ltr'>multi</span> <span class='ocrx_word' id='word_1_8' title='bbox 967 577 1088 648; x_wconf 78' lang='lat' dir='ltr'>posteo</span> <span class='ocrx_word' id='word_1_9' title='bbox 1110 578 1280 654; x_wconf 72' lang='lat' dir='ltr'>utrimque</span> 
     </span>
     <span class='ocr_line' id='line_1_3' title="bbox 206 675 1281 766; baseline 0.004 -28"><span class='ocrx_word' id='word_1_10' title='bbox 206 693 256 738; x_wconf 79' lang='lat' dir='ltr'>co·</span> <span class='ocrx_word' id='word_1_11' title='bbox 278 675 475 740; x_wconf 68' lang='lat' dir='ltr'>uulneratus</span> <span class='ocrx_word' id='word_1_12' title='bbox 494 680 639 766; x_wconf 77' lang='lat' dir='ltr'>pertore.</span> <span class='ocrx_word' id='word_1_13' title='bbox 686 678 864 754; x_wconf 77' lang='lat' dir='ltr'>multiplea</span> <span class='ocrx_word' id='word_1_14' title='bbox 886 676 1009 739; x_wconf 80' lang='lat' dir='ltr'>coedes</span> <span class='ocrx_word' id='word_1_15' title='bbox 1031 681 1200 756; x_wconf 77' lang='lat' dir='ltr'>utrimque</span> <span class='ocrx_word' id='word_1_16' title='bbox 1223 681 1281 756; x_wconf 86' lang='lat' dir='ltr'>fu·</span> 
     </span>
     <span class='ocr_line' id='line_1_4' title="bbox 206 781 1313 862; baseline 0.004 -17"><span class='ocrx_word' id='word_1_17' title='bbox 206 789 266 846; x_wconf 81' lang='lat' dir='ltr'>cto</span> <span class='ocrx_word' id='word_1_18' title='bbox 287 781 439 845; x_wconf 70' lang='lat' dir='ltr'>traditor</span> <span class='ocrx_word' id='word_1_19' title='bbox 454 781 496 844; x_wconf 81' lang='lat' dir='ltr'>ab</span> <span class='ocrx_word' id='word_1_20' title='bbox 519 783 615 844; x_wconf 67' lang='lat' dir='ltr'>outa:</span> <span class='ocrx_word' id='word_1_21' title='bbox 639 798 710 862; x_wconf 74' lang='lat' dir='ltr'>epo,</span> <span class='ocrx_word' id='word_1_22' title='bbox 732 789 975 860; x_wconf 76' lang='lat' dir='ltr'><strong><em>praeterquam</em></strong></span> <span class='ocrx_word' id='word_1_23' title='bbox 991 783 1084 860; x_wconf 78' lang='lat' dir='ltr'>quod</span> <span class='ocrx_word' id='word_1_24' title='bbox 1096 784 1185 848; x_wconf 71' lang='lat' dir='ltr'>nihil</span> <span class='ocrx_word' id='word_1_25' title='bbox 1196 785 1281 848; x_wconf 83' lang='lat' dir='ltr'>tou·</span> <span class='ocrx_word' id='word_1_26' title='bbox 1307 795 1313 826; x_wconf 83' lang='lat'><em>·</em></span> 
     </span>
     <span class='ocr_line' id='line_1_5' title="bbox 204 890 1281 968; baseline 0.001 -16"><span class='ocrx_word' id='word_1_27' title='bbox 204 897 297 952; x_wconf 75' lang='lat' dir='ltr'>storo</span> <span class='ocrx_word' id='word_1_28' title='bbox 313 907 359 952; x_wconf 75' lang='lat' dir='ltr'>eo</span> <span class='ocrx_word' id='word_1_29' title='bbox 374 905 464 952; x_wconf 82' lang='lat' dir='ltr'>uano</span> <span class='ocrx_word' id='word_1_30' title='bbox 487 891 596 968; x_wconf 69' lang='lat' dir='ltr'>ieelim,</span> <span class='ocrx_word' id='word_1_31' title='bbox 620 906 686 968; x_wconf 81' lang='lat' dir='ltr'>quo</span> <span class='ocrx_word' id='word_1_32' title='bbox 709 893 810 952; x_wconf 73' lang='lat' dir='ltr'>nimir</span> <span class='ocrx_word' id='word_1_33' title='bbox 825 890 998 952; x_wconf 64' lang='lat' dir='ltr'>ructuant</span> <span class='ocrx_word' id='word_1_34' title='bbox 1006 893 1119 966; x_wconf 71' lang='lat' dir='ltr'>ferme</span> <span class='ocrx_word' id='word_1_35' title='bbox 1132 890 1281 953; x_wconf 75' lang='lat' dir='ltr'>scriben-</span> 
     </span>
     <span class='ocr_line' id='line_1_6' title="bbox 205 994 1285 1076; baseline 0 -18"><span class='ocrx_word' id='word_1_36' title='bbox 205 999 290 1058; x_wconf 75' lang='lat' dir='ltr'>tium</span> <span class='ocrx_word' id='word_1_37' title='bbox 314 1001 427 1076; x_wconf 62' lang='lat' dir='ltr'>onitas,</span> <span class='ocrx_word' id='word_1_38' title='bbox 453 995 591 1058; x_wconf 77' lang='lat' dir='ltr'>Fabium</span> <span class='ocrx_word' id='word_1_39' title='bbox 614 997 790 1073; x_wconf 80' lang='lat' dir='ltr'>aequalem</span> <span class='ocrx_word' id='word_1_40' title='bbox 814 994 1018 1073; x_wconf 76' lang='lat' dir='ltr'><em>temporibus</em></span> <span class='ocrx_word' id='word_1_41' title='bbox 1039 994 1180 1058; x_wconf 71' lang='lat' dir='ltr'>huiusce</span> <span class='ocrx_word' id='word_1_42' title='bbox 1204 997 1285 1058; x_wconf 76' lang='lat' dir='ltr'>belli</span> 
     </span>
     <span class='ocr_line' id='line_1_7' title="bbox 201 1097 1281 1180; baseline 0.002 -18"><span class='ocrx_word' id='word_1_43' title='bbox 201 1103 415 1179; x_wconf 74' lang='lat' dir='ltr'>potissimum</span> <span class='ocrx_word' id='word_1_44' title='bbox 451 1099 625 1164; x_wconf 74' lang='lat' dir='ltr'><em>auctorem</em></span> <span class='ocrx_word' id='word_1_45' title='bbox 664 1099 773 1162; x_wconf 72' lang='lat' dir='ltr'>botua</span> <span class='ocrx_word' id='word_1_46' title='bbox 832 1097 967 1180; x_wconf 81' lang='lat' dir='ltr'>primum</span> <span class='ocrx_word' id='word_1_47' title='bbox 1002 1097 1085 1162; x_wconf 90' lang='lat' dir='ltr'>enim</span> <span class='ocrx_word' id='word_1_48' title='bbox 1117 1098 1169 1164; x_wconf 92' lang='lat' dir='ltr'>hic</span> <span class='ocrx_word' id='word_1_49' title='bbox 1194 1099 1281 1164; x_wconf 89' lang='lat' dir='ltr'>loeus</span> 
     </span>
     <span class='ocr_line' id='line_1_8' title="bbox 203 1202 1282 1290; baseline 0.002 -22"><span class='ocrx_word' id='word_1_50' title='bbox 203 1203 292 1268; x_wconf 81' lang='lat' dir='ltr'>haud</span> <span class='ocrx_word' id='word_1_51' title='bbox 324 1203 388 1268; x_wconf 92' lang='lat' dir='ltr'>scio</span> <span class='ocrx_word' id='word_1_52' title='bbox 419 1223 461 1267; x_wconf 87' lang='lat' dir='ltr'>an</span> <span class='ocrx_word' id='word_1_53' title='bbox 493 1222 611 1268; x_wconf 90' lang='lat' dir='ltr'>nouum</span> <span class='ocrx_word' id='word_1_54' title='bbox 632 1208 850 1286; x_wconf 82' lang='lat' dir='ltr'>argumentum</span> <span class='ocrx_word' id='word_1_55' title='bbox 876 1202 1037 1286; x_wconf 87' lang='lat' dir='ltr'>praebeat,</span> <span class='ocrx_word' id='word_1_56' title='bbox 1068 1225 1130 1290; x_wconf 90' lang='lat' dir='ltr'>quo</span> <span class='ocrx_word' id='word_1_57' title='bbox 1157 1203 1282 1270; x_wconf 87' lang='lat' dir='ltr'>Liuium</span> 
     </span>
     <span class='ocr_line' id='line_1_9' title="bbox 203 1309 1282 1395; baseline 0.002 -21"><span class='ocrx_word' id='word_1_58' title='bbox 203 1309 336 1395; x_wconf 83' lang='lat' dir='ltr'><strong>Polybio</strong></span> <span class='ocrx_word' id='word_1_59' title='bbox 363 1309 513 1375; x_wconf 85' lang='lat' dir='ltr'>hocloco</span> <span class='ocrx_word' id='word_1_60' title='bbox 536 1330 600 1374; x_wconf 89' lang='grc'>101</span> <span class='ocrx_word' id='word_1_61' title='bbox 622 1331 713 1391; x_wconf 83' lang='lat' dir='ltr'>usum</span> <span class='ocrx_word' id='word_1_62' title='bbox 736 1329 813 1386; x_wconf 87' lang='lat' dir='ltr'>esse,</span> <span class='ocrx_word' id='word_1_63' title='bbox 842 1309 1005 1394; x_wconf 85' lang='lat' dir='ltr'>Polybium</span> <span class='ocrx_word' id='word_1_64' title='bbox 1034 1329 1110 1375; x_wconf 85' lang='lat' dir='ltr'>uero</span> <span class='ocrx_word' id='word_1_65' title='bbox 1137 1330 1282 1376; x_wconf 90' lang='lat' dir='ltr'>numeros</span> 
     </span>
     <span class='ocr_line' id='line_1_10' title="bbox 204 1415 1282 1499; baseline -0.001 -17"><span class='ocrx_word' id='word_1_66' title='bbox 204 1436 224 1482; x_wconf 94' lang='lat' dir='ltr'>e</span> <span class='ocrx_word' id='word_1_67' title='bbox 246 1416 345 1483; x_wconf 85' lang='lat' dir='ltr'>Fabio</span> <span class='ocrx_word' id='word_1_68' title='bbox 373 1416 497 1482; x_wconf 82' lang='lat' dir='ltr'>Pictore</span> <span class='ocrx_word' id='word_1_69' title='bbox 525 1415 674 1499; x_wconf 88' lang='lat' dir='ltr'>petiuissc</span> <span class='ocrx_word' id='word_1_70' title='bbox 704 1415 875 1497; x_wconf 87' lang='lat' dir='ltr'>euineatur.</span> <span class='ocrx_word' id='word_1_71' title='bbox 920 1436 995 1480; x_wconf 89' lang='lat' dir='ltr'>nam</span> <span class='ocrx_word' id='word_1_72' title='bbox 1017 1415 1045 1480; x_wconf 91' lang='lat' dir='ltr'>si</span> <span class='ocrx_word' id='word_1_73' title='bbox 1061 1420 1164 1480; x_wconf 84' lang='lat' dir='ltr'>totam</span> <span class='ocrx_word' id='word_1_74' title='bbox 1185 1415 1282 1482; x_wconf 85' lang='lat' dir='ltr'>cladis</span> 
     </span>
     <span class='ocr_line' id='line_1_11' title="bbox 203 1520 1283 1608; baseline 0 -20"><span class='ocrx_word' id='word_1_75' title='bbox 203 1521 445 1606; x_wconf 78' lang='lat' dir='ltr'>descriptionem</span> <span class='ocrx_word' id='word_1_76' title='bbox 467 1541 485 1585; x_wconf 92' lang='lat' dir='ltr'>e</span> <span class='ocrx_word' id='word_1_77' title='bbox 507 1521 636 1606; x_wconf 84' lang='lat' dir='ltr'>Polybio</span> <span class='ocrx_word' id='word_1_78' title='bbox 657 1520 815 1586; x_wconf 77' lang='lat' dir='ltr'>hausisset</span> <span class='ocrx_word' id='word_1_79' title='bbox 834 1520 952 1599; x_wconf 88' lang='lat' dir='ltr'>Liuius,</span> <span class='ocrx_word' id='word_1_80' title='bbox 977 1521 1053 1608; x_wconf 87' lang='lat' dir='ltr'>quid</span> <span class='ocrx_word' id='word_1_81' title='bbox 1075 1525 1144 1586; x_wconf 86' lang='lat' dir='ltr'>erat</span> <span class='ocrx_word' id='word_1_82' title='bbox 1165 1543 1221 1588; x_wconf 90' lang='lat' dir='ltr'>cur</span> <span class='ocrx_word' id='word_1_83' title='bbox 1240 1522 1283 1588; x_wconf 87' lang='lat' dir='ltr'>ad</span> 
     </span>
     <span class='ocr_line' id='line_1_12' title="bbox 202 1626 1282 1716; baseline 0.001 -23"><span class='ocrx_word' id='word_1_84' title='bbox 202 1626 339 1693; x_wconf 88' lang='lat' dir='ltr'>Fabium</span> <span class='ocrx_word' id='word_1_85' title='bbox 360 1627 515 1701; x_wconf 83' lang='lat' dir='ltr'>Pictorem</span> <span class='ocrx_word' id='word_1_86' title='bbox 529 1633 714 1712; x_wconf 87' lang='lat' dir='ltr'>prouocaret</span> <span class='ocrx_word' id='word_1_87' title='bbox 735 1648 839 1715; x_wconf 90' lang='lat' dir='ltr'>neque</span> <span class='ocrx_word' id='word_1_88' title='bbox 849 1628 1067 1716; x_wconf 55' lang='lat' dir='ltr'>„aoqrriesoeret</span> <span class='ocrx_word' id='word_1_89' title='bbox 1087 1629 1120 1693; x_wconf 93' lang='lat' dir='ltr'>in</span> <span class='ocrx_word' id='word_1_90' title='bbox 1143 1629 1282 1694; x_wconf 89' lang='lat' dir='ltr'>numeris</span> 
     </span>
     <span class='ocr_line' id='line_1_13' title="bbox 202 1731 1283 1821; baseline 0.002 -23"><span class='ocrx_word' id='word_1_91' title='bbox 202 1732 336 1818; x_wconf 84' lang='lat' dir='ltr'>Polybii,</span> <span class='ocrx_word' id='word_1_92' title='bbox 366 1733 419 1821; x_wconf 90' lang='lat' dir='ltr'>qui</span> <span class='ocrx_word' id='word_1_93' title='bbox 446 1737 578 1817; x_wconf 85' lang='lat' dir='ltr'>excepto</span> <span class='ocrx_word' id='word_1_94' title='bbox 605 1753 668 1798; x_wconf 87' lang='grc'>110</span> <span class='ocrx_word' id='word_1_95' title='bbox 698 1731 823 1799; x_wconf 88' lang='lat' dir='ltr'>eosdem</span> <span class='ocrx_word' id='word_1_96' title='bbox 851 1731 931 1820; x_wconf 81' lang='lat' dir='ltr'>quos</span> <span class='ocrx_word' id='word_1_97' title='bbox 957 1732 1074 1798; x_wconf 81' lang='lat' dir='ltr'>Fabius</span> <span class='ocrx_word' id='word_1_98' title='bbox 1095 1734 1223 1802; x_wconf 82' lang='lat' dir='ltr'>exhibet</span> <span class='ocrx_word' id='word_1_99' title='bbox 1249 1743 1283 1800; x_wconf 87' lang='lat' dir='ltr'>et</span> 
     </span>
     <span class='ocr_line' id='line_1_14' title="bbox 204 1839 1282 1927; baseline 0.006 -25"><span class='ocrx_word' id='word_1_100' title='bbox 204 1858 305 1927; x_wconf 86' lang='lat' dir='ltr'>aeque</span> <span class='ocrx_word' id='word_1_101' title='bbox 327 1859 365 1904; x_wconf 85' lang='lat' dir='ltr'>sc</span> <span class='ocrx_word' id='word_1_102' title='bbox 386 1840 503 1905; x_wconf 79' lang='lat' dir='ltr'>Fabius</span> <span class='ocrx_word' id='word_1_103' title='bbox 524 1839 563 1906; x_wconf 88' lang='lat' dir='ltr'>iis</span> <span class='ocrx_word' id='word_1_104' title='bbox 586 1839 747 1924; x_wconf 88' lang='lat' dir='ltr'>oppositus</span> <span class='ocrx_word' id='word_1_105' title='bbox 768 1844 827 1917; x_wconf 88' lang='lat' dir='ltr'>est,</span> <span class='ocrx_word' id='word_1_106' title='bbox 858 1840 912 1926; x_wconf 86' lang='lat' dir='ltr'>qni</span> <span class='ocrx_word' id='word_1_107' title='bbox 940 1839 1144 1924; x_wconf 76' lang='lat' dir='ltr'>multiplicem</span> <span class='ocrx_word' id='word_1_108' title='bbox 1170 1843 1282 1909; x_wconf 79' lang='lat' dir='ltr'>utrim-</span> 
     </span>
     <span class='ocr_line' id='line_1_15' title="bbox 203 1946 1281 2034; baseline 0.004 -23"><span class='ocrx_word' id='word_1_109' title='bbox 203 1966 266 2034; x_wconf 89' lang='lat' dir='ltr'>que</span> <span class='ocrx_word' id='word_1_110' title='bbox 288 1946 415 2012; x_wconf 87' lang='lat' dir='ltr'>eaedem</span> <span class='ocrx_word' id='word_1_111' title='bbox 435 1946 553 2012; x_wconf 86' lang='lat' dir='ltr'>factam</span> <span class='ocrx_word' id='word_1_112' title='bbox 581 1967 648 2012; x_wconf 87' lang='lat' dir='ltr'>esse</span> <span class='ocrx_word' id='word_1_113' title='bbox 669 1946 894 2032; x_wconf 83' lang='lat' dir='ltr'>prodiderant?</span> <span class='ocrx_word' id='word_1_114' title='bbox 928 1947 1042 2013; x_wconf 89' lang='lat' dir='ltr'>deinde</span> <span class='ocrx_word' id='word_1_115' title='bbox 1074 1947 1159 2014; x_wconf 87' lang='lat' dir='ltr'>hand</span> <span class='ocrx_word' id='word_1_116' title='bbox 1181 1948 1281 2015; x_wconf 92' lang='lat' dir='ltr'>ambi-</span> 
     </span>
     <span class='ocr_line' id='line_1_16' title="bbox 202 2051 1283 2142; baseline 0.003 -25"><span class='ocrx_word' id='word_1_117' title='bbox 202 2052 273 2135; x_wconf 77' lang='lat' dir='ltr'>guis</span> <span class='ocrx_word' id='word_1_118' title='bbox 294 2051 398 2118; x_wconf 86' lang='lat' dir='ltr'>uerbis</span> <span class='ocrx_word' id='word_1_119' title='bbox 419 2052 528 2118; x_wconf 84' lang='lat' dir='ltr'>liuius</span> <span class='ocrx_word' id='word_1_120' title='bbox 556 2053 739 2142; x_wconf 81' lang='lat' dir='ltr'>pronuntiat</span> <span class='ocrx_word' id='word_1_121' title='bbox 775 2074 810 2118; x_wconf 88' lang='lat' dir='ltr'>se</span> <span class='ocrx_word' id='word_1_122' title='bbox 837 2052 927 2118; x_wconf 81' lang='lat' dir='ltr'>Fabii</span> <span class='ocrx_word' id='word_1_123' title='bbox 953 2053 1085 2118; x_wconf 83' lang='lat' dir='ltr'>Pictoris</span> <span class='ocrx_word' id='word_1_124' title='bbox 1112 2055 1283 2120; x_wconf 83' lang='lat' dir='ltr'>auctorita-</span> 
     </span>
     <span class='ocr_line' id='line_1_17' title="bbox 201 2158 1281 2226; baseline 0.003 -3"><span class='ocrx_word' id='word_1_125' title='bbox 201 2163 269 2223; x_wconf 85' lang='lat' dir='ltr'>tem</span> <span class='ocrx_word' id='word_1_126' title='bbox 290 2164 431 2224; x_wconf 84' lang='lat' dir='ltr'>secutum</span> <span class='ocrx_word' id='word_1_127' title='bbox 453 2180 530 2224; x_wconf 88' lang='lat' dir='ltr'>esse.</span> <span class='ocrx_word' id='word_1_128' title='bbox 574 2158 700 2225; x_wconf 87' lang='grc'><strong>11111111</strong></span> <span class='ocrx_word' id='word_1_129' title='bbox 714 2181 791 2225; x_wconf 89' lang='lat' dir='ltr'>uero</span> <span class='ocrx_word' id='word_1_130' title='bbox 813 2160 892 2224; x_wconf 90' lang='lat' dir='ltr'>nibil</span> <span class='ocrx_word' id='word_1_131' title='bbox 913 2160 974 2224; x_wconf 90' lang='lat' dir='ltr'>nisi</span> <span class='ocrx_word' id='word_1_132' title='bbox 989 2181 1151 2225; x_wconf 85' lang='lat' dir='ltr'>caesorum</span> <span class='ocrx_word' id='word_1_133' title='bbox 1171 2182 1281 2226; x_wconf 88' lang='lat' dir='ltr'>nume-</span> 
     </span>
     <span class='ocr_line' id='line_1_18' title="bbox 201 2264 1282 2355; baseline 0.003 -25"><span class='ocrx_word' id='word_1_134' title='bbox 201 2285 256 2330; x_wconf 89' lang='lat' dir='ltr'>ros</span> <span class='ocrx_word' id='word_1_135' title='bbox 279 2285 297 2330; x_wconf 92' lang='lat' dir='ltr'>e</span> <span class='ocrx_word' id='word_1_136' title='bbox 318 2265 417 2332; x_wconf 90' lang='lat' dir='ltr'>Fabio</span> <span class='ocrx_word' id='word_1_137' title='bbox 440 2264 620 2355; x_wconf 83' lang='lat' dir='ltr'>sumpsisse,</span> <span class='ocrx_word' id='word_1_138' title='bbox 642 2271 679 2330; x_wconf 91' lang='lat' dir='ltr'>ut</span> <span class='ocrx_word' id='word_1_139' title='bbox 693 2267 824 2330; x_wconf 84' lang='lat' dir='ltr'>Petems</span> <span class='ocrx_word' id='word_1_140' title='bbox 839 2265 998 2330; x_wconf 88' lang='lat' dir='ltr'>conlidens</span> <span class='ocrx_word' id='word_1_141' title='bbox 1020 2286 1145 2353; x_wconf 81' lang='lat' dir='ltr'>pugnae</span> <span class='ocrx_word' id='word_1_142' title='bbox 1166 2265 1282 2333; x_wconf 84' lang='lat' dir='ltr'>deseri-</span> 
     </span>
     <span class='ocr_line' id='line_1_19' title="bbox 201 2364 1317 2462; baseline 0.002 -26"><span class='ocrx_word' id='word_1_143' title='bbox 201 2371 343 2461; x_wconf 90' lang='lat' dir='ltr'>ptionem</span> <span class='ocrx_word' id='word_1_144' title='bbox 364 2391 489 2437; x_wconf 88' lang='lat' dir='ltr'>uersam</span> <span class='ocrx_word' id='word_1_145' title='bbox 511 2391 579 2436; x_wconf 88' lang='lat' dir='ltr'>esse</span> <span class='ocrx_word' id='word_1_146' title='bbox 608 2391 626 2436; x_wconf 92' lang='lat' dir='ltr'>e</span> <span class='ocrx_word' id='word_1_147' title='bbox 654 2370 786 2457; x_wconf 83' lang='lat' dir='ltr'>Polybio</span> <span class='ocrx_word' id='word_1_148' title='bbox 807 2372 963 2459; x_wconf 86' lang='lat' dir='ltr'>opinatur,</span> <span class='ocrx_word' id='word_1_149' title='bbox 986 2370 1102 2436; x_wconf 80' lang='lat' dir='ltr'>adduci</span> <span class='ocrx_word' id='word_1_150' title='bbox 1123 2394 1187 2437; x_wconf 92' lang='lat' dir='ltr'>non</span> <span class='ocrx_word' id='word_1_151' title='bbox 1207 2394 1280 2462; x_wconf 90' lang='lat' dir='ltr'>pos·</span> <span class='ocrx_word' id='word_1_152' title='bbox 1314 2364 1317 2370; x_wconf 44' lang='lat'><strong>¹</strong></span> 
     </span>
     <span class='ocr_line' id='line_1_20' title="bbox 202 2476 1356 2566; baseline 0.002 -23"><span class='ocrx_word' id='word_1_153' title='bbox 202 2498 309 2543; x_wconf 88' lang='lat' dir='ltr'>sumus</span> <span class='ocrx_word' id='word_1_154' title='bbox 342 2482 380 2542; x_wconf 91' lang='lat' dir='ltr'>nt</span> <span class='ocrx_word' id='word_1_155' title='bbox 407 2476 580 2543; x_wconf 87' lang='lat' dir='ltr'>credamus.</span> <span class='ocrx_word' id='word_1_156' title='bbox 623 2498 698 2543; x_wconf 89' lang='lat' dir='ltr'>nam</span> <span class='ocrx_word' id='word_1_157' title='bbox 724 2482 869 2566; x_wconf 87' lang='lat' dir='ltr'>potestne</span> <span class='ocrx_word' id='word_1_158' title='bbox 891 2477 1022 2560; x_wconf 82' lang='lat' dir='ltr'>cogitari</span> <span class='ocrx_word' id='word_1_159' title='bbox 1056 2477 1182 2548; x_wconf 90' lang='lat' dir='ltr'>Liuium</span> <span class='ocrx_word' id='word_1_160' title='bbox 1209 2500 1281 2545; x_wconf 90' lang='lat' dir='ltr'>eum</span> <span class='ocrx_word' id='word_1_161' title='bbox 1299 2490 1356 2565; x_wconf 53' lang='lat' dir='ltr'>ty,</span> 
     </span>
     <span class='ocr_line' id='line_1_21' title="bbox 202 2512 1382 2689; baseline 0.001 -40"><span class='ocrx_word' id='word_1_162' title='bbox 202 2590 372 2662; x_wconf 86' lang='lat' dir='ltr'>auctorem,</span> <span class='ocrx_word' id='word_1_163' title='bbox 395 2605 489 2673; x_wconf 91' lang='lat' dir='ltr'>quem</span> <span class='ocrx_word' id='word_1_164' title='bbox 510 2590 548 2649; x_wconf 91' lang='lat' dir='ltr'>ut</span> <span class='ocrx_word' id='word_1_165' title='bbox 569 2584 733 2672; x_wconf 85' lang='lat' dir='ltr'>aequalem</span> <span class='ocrx_word' id='word_1_166' title='bbox 757 2583 834 2649; x_wconf 85' lang='lat' dir='ltr'>belli</span> <span class='ocrx_word' id='word_1_167' title='bbox 854 2565 1055 2648; x_wconf 65' lang='lat' dir='ltr'>HaTmbalid</span> <span class='ocrx_word' id='word_1_168' title='bbox 1073 2588 1166 2650; x_wconf 81' lang='lat' dir='ltr'>tanta</span> <span class='ocrx_word' id='word_1_169' title='bbox 1186 2512 1382 2689; x_wconf 51' lang='lat' dir='ltr'>uene-‘ff’</span> 
     </span>
     <span class='ocr_line' id='line_1_22' title="bbox 201 2660 1382 2802; baseline 0.001 -45"><span class='ocrx_word' id='word_1_170' title='bbox 201 2692 324 2757; x_wconf 76' lang='lat' dir='ltr'>ratium</span> <span class='ocrx_word' id='word_1_171' title='bbox 345 2690 555 2779; x_wconf 86' lang='lat' dir='ltr'>prosequitur,</span> <span class='ocrx_word' id='word_1_172' title='bbox 590 2710 684 2778; x_wconf 88' lang='lat' dir='ltr'>quem</span> <span class='ocrx_word' id='word_1_173' title='bbox 717 2690 786 2755; x_wconf 87' lang='lat' dir='ltr'>aliis</span> <span class='ocrx_word' id='word_1_174' title='bbox 821 2689 999 2755; x_wconf 81' lang='lat' dir='ltr'>auctoribus</span> <span class='ocrx_word' id='word_1_175' title='bbox 1032 2708 1117 2755; x_wconf 85' lang='lat' dir='ltr'>uana</span> <span class='ocrx_word' id='word_1_176' title='bbox 1148 2691 1281 2779; x_wconf 79' lang='lat' dir='ltr'>prodere</span> <span class='ocrx_word' id='word_1_177' title='bbox 1296 2660 1382 2802; x_wconf 38' lang='lat' dir='ltr'>paz</span> 
     </span>
     <span class='ocr_line' id='line_1_23' title="bbox 202 2795 1281 2887; baseline -0.001 -24"><span class='ocrx_word' id='word_1_178' title='bbox 202 2797 381 2864; x_wconf 86' lang='lat' dir='ltr'>amantibus</span> <span class='ocrx_word' id='word_1_179' title='bbox 404 2818 437 2863; x_wconf 89' lang='lat' dir='ltr'>se</span> <span class='ocrx_word' id='word_1_180' title='bbox 459 2798 674 2887; x_wconf 85' lang='lat' dir='ltr'>anteposuisse</span> <span class='ocrx_word' id='word_1_181' title='bbox 696 2804 730 2863; x_wconf 89' lang='lat' dir='ltr'>et</span> <span class='ocrx_word' id='word_1_182' title='bbox 751 2803 912 2862; x_wconf 86' lang='lat' dir='ltr'>auctorem</span> <span class='ocrx_word' id='word_1_183' title='bbox 926 2796 1122 2884; x_wconf 87' lang='lat' dir='ltr'>potissimum</span> <span class='ocrx_word' id='word_1_184' title='bbox 1135 2795 1281 2862; x_wconf 82' lang='lat' dir='ltr'>habuisse</span> 
     </span>
     <span class='ocr_line' id='line_1_24' title="bbox 202 2902 1282 2993; baseline -0.003 -23"><span class='ocrx_word' id='word_1_185' title='bbox 202 2903 382 2993; x_wconf 85' lang='lat' dir='ltr'>profitetm,</span> <span class='ocrx_word' id='word_1_186' title='bbox 404 2904 444 2969; x_wconf 88' lang='lat' dir='ltr'>de</span> <span class='ocrx_word' id='word_1_187' title='bbox 473 2902 598 2969; x_wconf 89' lang='lat' dir='ltr'>tantula</span> <span class='ocrx_word' id='word_1_188' title='bbox 630 2923 667 2968; x_wconf 89' lang='lat' dir='ltr'>re</span> <span class='ocrx_word' id='word_1_189' title='bbox 700 2903 871 2968; x_wconf 87' lang='lat' dir='ltr'>consulisse</span> <span class='ocrx_word' id='word_1_190' title='bbox 904 2903 937 2967; x_wconf 91' lang='lat' dir='ltr'>in</span> <span class='ocrx_word' id='word_1_191' title='bbox 958 2902 1052 2968; x_wconf 86' lang='lat' dir='ltr'>rebus</span> <span class='ocrx_word' id='word_1_192' title='bbox 1072 2920 1148 2967; x_wconf 89' lang='lat' dir='ltr'>uero</span> <span class='ocrx_word' id='word_1_193' title='bbox 1169 2904 1282 2967; x_wconf 90' lang='lat' dir='ltr'>summi</span> 
     </span>
     <span class='ocr_line' id='line_1_25' title="bbox 202 3007 1281 3098; baseline -0.002 -23"><span class='ocrx_word' id='word_1_194' title='bbox 202 3010 353 3075; x_wconf 89' lang='lat' dir='ltr'>momenti</span> <span class='ocrx_word' id='word_1_195' title='bbox 373 3030 501 3098; x_wconf 89' lang='lat' dir='ltr'>prorsus</span> <span class='ocrx_word' id='word_1_196' title='bbox 523 3009 715 3093; x_wconf 73' lang='lat' dir='ltr'>neglexisset</span> <span class='ocrx_word' id='word_1_197' title='bbox 737 3010 834 3074; x_wconf 92' lang='lat' dir='ltr'>immo</span> <span class='ocrx_word' id='word_1_198' title='bbox 856 3030 896 3074; x_wconf 84' lang='lat' dir='ltr'>ex</span> <span class='ocrx_word' id='word_1_199' title='bbox 917 3008 967 3073; x_wconf 90' lang='lat' dir='ltr'>bis</span> <span class='ocrx_word' id='word_1_200' title='bbox 989 3013 1057 3073; x_wconf 90' lang='lat' dir='ltr'>tam</span> <span class='ocrx_word' id='word_1_201' title='bbox 1077 3008 1198 3073; x_wconf 85' lang='lat' dir='ltr'>eximiis</span> <span class='ocrx_word' id='word_1_202' title='bbox 1211 3007 1281 3073; x_wconf 86' lang='lat' dir='ltr'>lau-</span> 
     </span>
     <span class='ocr_line' id='line_1_26' title="bbox 202 3112 1281 3181; baseline -0.001 0"><span class='ocrx_word' id='word_1_203' title='bbox 202 3113 296 3181; x_wconf 88' lang='lat' dir='ltr'>dibus</span> <span class='ocrx_word' id='word_1_204' title='bbox 324 3113 470 3181; x_wconf 88' lang='lat' dir='ltr'>concludi</span> <span class='ocrx_word' id='word_1_205' title='bbox 495 3114 590 3181; x_wconf 88' lang='lat' dir='ltr'>debet</span> <span class='ocrx_word' id='word_1_206' title='bbox 628 3114 755 3181; x_wconf 84' lang='grc'><strong>1111111</strong></span> <span class='ocrx_word' id='word_1_207' title='bbox 781 3136 846 3179; x_wconf 89' lang='grc'>101</span> <span class='ocrx_word' id='word_1_208' title='bbox 874 3115 976 3179; x_wconf 90' lang='lat' dir='ltr'>solum</span> <span class='ocrx_word' id='word_1_209' title='bbox 1002 3114 1036 3178; x_wconf 92' lang='lat' dir='ltr'>in</span> <span class='ocrx_word' id='word_1_210' title='bbox 1063 3112 1155 3179; x_wconf 88' lang='lat' dir='ltr'>huius</span> <span class='ocrx_word' id='word_1_211' title='bbox 1183 3114 1281 3180; x_wconf 88' lang='lat' dir='ltr'>cladis</span> 
     </span>
     <span class='ocr_line' id='line_1_27' title="bbox 202 3219 1281 3309; baseline 0 -22"><span class='ocrx_word' id='word_1_212' title='bbox 202 3221 411 3309; x_wconf 78' lang='lat' dir='ltr'>descriptione</span> <span class='ocrx_word' id='word_1_213' title='bbox 439 3219 616 3285; x_wconf 87' lang='lat' dir='ltr'>sedetiam</span> <span class='ocrx_word' id='word_1_214' title='bbox 643 3220 676 3285; x_wconf 91' lang='lat' dir='ltr'>in</span> <span class='ocrx_word' id='word_1_215' title='bbox 706 3221 856 3308; x_wconf 80' lang='lat' dir='ltr'>proximis</span> <span class='ocrx_word' id='word_1_216' title='bbox 885 3219 960 3284; x_wconf 87' lang='lat' dir='ltr'>belli</span> <span class='ocrx_word' id='word_1_217' title='bbox 987 3219 1078 3285; x_wconf 86' lang='lat' dir='ltr'>annis</span> <span class='ocrx_word' id='word_1_218' title='bbox 1100 3221 1281 3287; x_wconf 86' lang='lat' dir='ltr'>enarrandis</span> 
     </span>
     <span class='ocr_line' id='line_1_28' title="bbox 202 3326 1282 3418; baseline 0.002 -25"><span class='ocrx_word' id='word_1_219' title='bbox 202 3326 337 3393; x_wconf 83' lang='lat' dir='ltr'>Fabium</span> <span class='ocrx_word' id='word_1_220' title='bbox 358 3326 418 3393; x_wconf 89' lang='lat' dir='ltr'>sibi</span> <span class='ocrx_word' id='word_1_221' title='bbox 438 3327 558 3394; x_wconf 82' lang='lat' dir='ltr'>fontein</span> <span class='ocrx_word' id='word_1_222' title='bbox 579 3328 761 3415; x_wconf 86' lang='lat' dir='ltr'>prime1ium</span> <span class='ocrx_word' id='word_1_223' title='bbox 784 3328 922 3411; x_wconf 83' lang='lat' dir='ltr'>elegisse.</span> <span class='ocrx_word' id='word_1_224' title='bbox 967 3348 1069 3414; x_wconf 89' lang='lat' dir='ltr'>neque</span> <span class='ocrx_word' id='word_1_225' title='bbox 1090 3348 1196 3406; x_wconf 87' lang='lat' dir='ltr'>causa,</span> <span class='ocrx_word' id='word_1_226' title='bbox 1217 3350 1282 3418; x_wconf 87' lang='lat' dir='ltr'>qua</span> 
     </span>
     <span class='ocr_line' id='line_1_29' title="bbox 203 3433 1281 3512; baseline -0.001 -11"><span class='ocrx_word' id='word_1_227' title='bbox 203 3433 240 3501; x_wconf 85' lang='grc'>(1.</span> <span class='ocrx_word' id='word_1_228' title='bbox 260 3435 391 3501; x_wconf 86' lang='lat' dir='ltr'>Petems</span> <span class='ocrx_word' id='word_1_229' title='bbox 413 3435 600 3501; x_wconf 88' lang='lat' dir='ltr'>sententiam</span> <span class='ocrx_word' id='word_1_230' title='bbox 622 3454 711 3500; x_wconf 88' lang='lat' dir='ltr'>suam</span> <span class='ocrx_word' id='word_1_231' title='bbox 725 3434 835 3501; x_wconf 81' lang='lat' dir='ltr'>firlcire</span> <span class='ocrx_word' id='word_1_232' title='bbox 857 3434 972 3512; x_wconf 86' lang='lat' dir='ltr'>studet,</span> <span class='ocrx_word' id='word_1_233' title='bbox 988 3439 1127 3500; x_wconf 75' lang='grc'><strong>10111111</strong></span> <span class='ocrx_word' id='word_1_234' title='bbox 1149 3434 1281 3501; x_wconf 87' lang='lat' dir='ltr'>conuelli</span> 
     </span>
     <span class='ocr_line' id='line_1_30' title="bbox 203 3539 1281 3630; baseline 0 -23"><span class='ocrx_word' id='word_1_235' title='bbox 203 3545 362 3630; x_wconf 89' lang='lat' dir='ltr'>putamus.</span> <span class='ocrx_word' id='word_1_236' title='bbox 377 3540 453 3607; x_wconf 88' lang='lat' dir='ltr'>dicit</span> <span class='ocrx_word' id='word_1_237' title='bbox 463 3542 547 3605; x_wconf 90' lang='lat' dir='ltr'>enim</span> <span class='ocrx_word' id='word_1_238' title='bbox 559 3561 629 3630; x_wconf 81' lang='lat' dir='ltr'>pag.</span> <span class='ocrx_word' id='word_1_239' title='bbox 643 3539 686 3606; x_wconf 83' lang='lat'>56</span> <span class='ocrx_word' id='word_1_240' title='bbox 698 3540 773 3625; x_wconf 83' lang='lat' dir='ltr'>fingi</span> <span class='ocrx_word' id='word_1_241' title='bbox 790 3563 854 3607; x_wconf 93' lang='lat' dir='ltr'>non</span> <span class='ocrx_word' id='word_1_242' title='bbox 870 3562 963 3629; x_wconf 87' lang='lat' dir='ltr'>posse</span> <span class='ocrx_word' id='word_1_243' title='bbox 978 3541 1107 3606; x_wconf 83' lang='lat' dir='ltr'>annales</span> <span class='ocrx_word' id='word_1_244' title='bbox 1115 3540 1215 3619; x_wconf 81' lang='lat' dir='ltr'>Fabii,</span> <span class='ocrx_word' id='word_1_245' title='bbox 1225 3544 1281 3630; x_wconf 87' lang='lat' dir='ltr'>qui</span> 
     </span>
     <span class='ocr_line' id='line_1_31' title="bbox 202 3646 1281 3735; baseline 0 -22"><span class='ocrx_word' id='word_1_246' title='bbox 202 3666 309 3713; x_wconf 88' lang='lat' dir='ltr'>rerum</span> <span class='ocrx_word' id='word_1_247' title='bbox 340 3668 418 3735; x_wconf 88' lang='lat' dir='ltr'>quas</span> <span class='ocrx_word' id='word_1_248' title='bbox 449 3652 504 3711; x_wconf 86' lang='lat' dir='ltr'>aut</span> <span class='ocrx_word' id='word_1_249' title='bbox 518 3646 585 3734; x_wconf 88' lang='lat' dir='ltr'>ipse</span> <span class='ocrx_word' id='word_1_250' title='bbox 605 3646 736 3712; x_wconf 89' lang='lat' dir='ltr'>uidisset</span> <span class='ocrx_word' id='word_1_251' title='bbox 769 3653 826 3711; x_wconf 88' lang='lat' dir='ltr'>aut</span> <span class='ocrx_word' id='word_1_252' title='bbox 846 3667 885 3711; x_wconf 86' lang='lat' dir='ltr'>ex</span> <span class='ocrx_word' id='word_1_253' title='bbox 906 3646 1090 3730; x_wconf 86' lang='lat' dir='ltr'>aequalibus</span> <span class='ocrx_word' id='word_1_254' title='bbox 1109 3646 1281 3727; x_wconf 77' lang='lat' dir='ltr'>audiuisset</span> 
     </span>
     <span class='ocr_line' id='line_1_32' title="bbox 202 3752 1280 3841; baseline 0.002 -23"><span class='ocrx_word' id='word_1_255' title='bbox 202 3752 367 3827; x_wconf 65' lang='lat' dir='ltr'>historiam</span> <span class='ocrx_word' id='word_1_256' title='bbox 373 3752 576 3832; x_wconf 78' lang='lat' dir='ltr'>condidisset,</span> <span class='ocrx_word' id='word_1_257' title='bbox 589 3753 704 3819; x_wconf 87' lang='lat' dir='ltr'>similes</span> <span class='ocrx_word' id='word_1_258' title='bbox 715 3753 812 3819; x_wconf 85' lang='lat' dir='ltr'>fuisse</span> <span class='ocrx_word' id='word_1_259' title='bbox 823 3753 906 3817; x_wconf 88' lang='lat' dir='ltr'>Liuii</span> <span class='ocrx_word' id='word_1_260' title='bbox 917 3754 1075 3832; x_wconf 82' lang='lat' dir='ltr'>historiae,</span> <span class='ocrx_word' id='word_1_261' title='bbox 1086 3775 1183 3841; x_wconf 89' lang='lat' dir='ltr'>quam</span> <span class='ocrx_word' id='word_1_262' title='bbox 1193 3774 1211 3819; x_wconf 89' lang='lat' dir='ltr'>e</span> <span class='ocrx_word' id='word_1_263' title='bbox 1221 3774 1280 3820; x_wconf 88' lang='lat' dir='ltr'>ua·</span> 
     </span>
     <span class='ocr_line' id='line_1_33' title="bbox 203 3859 1280 3948; baseline 0.003 -24"><span class='ocrx_word' id='word_1_264' title='bbox 203 3859 260 3925; x_wconf 87' lang='lat' dir='ltr'>riis</span> <span class='ocrx_word' id='word_1_265' title='bbox 275 3860 454 3926; x_wconf 84' lang='lat' dir='ltr'>auctoribus</span> <span class='ocrx_word' id='word_1_266' title='bbox 469 3860 674 3947; x_wconf 89' lang='lat' dir='ltr'>compositam</span> <span class='ocrx_word' id='word_1_267' title='bbox 684 3880 753 3925; x_wconf 88' lang='lat' dir='ltr'>esse</span> <span class='ocrx_word' id='word_1_268' title='bbox 770 3860 1017 3948; x_wconf 87' lang='lat' dir='ltr'>ediserepantiis</span> <span class='ocrx_word' id='word_1_269' title='bbox 1025 3860 1110 3926; x_wconf 89' lang='lat' dir='ltr'>haud</span> <span class='ocrx_word' id='word_1_270' title='bbox 1120 3861 1201 3927; x_wconf 83' lang='lat' dir='ltr'>raris</span> <span class='ocrx_word' id='word_1_271' title='bbox 1212 3861 1280 3927; x_wconf 90' lang='lat' dir='ltr'>elu-</span> 
     </span>
     <span class='ocr_line' id='line_1_34' title="bbox 203 3964 1280 4056; baseline 0.002 -23"><span class='ocrx_word' id='word_1_272' title='bbox 203 3969 298 4033; x_wconf 89' lang='lat' dir='ltr'>ceret</span> <span class='ocrx_word' id='word_1_273' title='bbox 321 3964 545 4055; x_wconf 85' lang='lat' dir='ltr'>discrepantias</span> <span class='ocrx_word' id='word_1_274' title='bbox 562 3967 675 4056; x_wconf 86' lang='lat' dir='ltr'>quibus</span> <span class='ocrx_word' id='word_1_275' title='bbox 690 3968 785 4055; x_wconf 92' lang='lat' dir='ltr'>plena</span> <span class='ocrx_word' id='word_1_276' title='bbox 806 3972 855 4033; x_wconf 90' lang='lat' dir='ltr'>est</span> <span class='ocrx_word' id='word_1_277' title='bbox 876 3968 959 4033; x_wconf 89' lang='lat' dir='ltr'>Liuii</span> <span class='ocrx_word' id='word_1_278' title='bbox 972 3967 1103 4033; x_wconf 82' lang='lat' dir='ltr'>histmia</span> <span class='ocrx_word' id='word_1_279' title='bbox 1128 3969 1280 4035; x_wconf 82' lang='lat' dir='ltr'>nonium</span> 
     </span>
     <span class='ocr_line' id='line_1_35' title="bbox 202 4072 1280 4167; baseline 0.001 -29"><span class='ocrx_word' id='word_1_280' title='bbox 202 4072 302 4167; x_wconf 78' lang='lat' dir='ltr'>fiupse</span> <span class='ocrx_word' id='word_1_281' title='bbox 315 4072 348 4138; x_wconf 90' lang='lat' dir='ltr'>in</span> <span class='ocrx_word' id='word_1_282' title='bbox 362 4073 452 4140; x_wconf 85' lang='lat' dir='ltr'>Fabii</span> <span class='ocrx_word' id='word_1_283' title='bbox 474 4073 638 4140; x_wconf 87' lang='lat' dir='ltr'>annalibus</span> <span class='ocrx_word' id='word_1_284' title='bbox 660 4074 794 4141; x_wconf 88' lang='lat' dir='ltr'>libenter</span> <span class='ocrx_word' id='word_1_285' title='bbox 815 4074 1019 4140; x_wconf 88' lang='lat' dir='ltr'>concedimus.</span> <span class='ocrx_word' id='word_1_286' title='bbox 1054 4073 1116 4138; x_wconf 87' lang='lat' dir='ltr'>hae</span> <span class='ocrx_word' id='word_1_287' title='bbox 1129 4094 1280 4139; x_wconf 89' lang='lat' dir='ltr'>neronon</span> 
     </span>
     <span class='ocr_line' id='line_1_36' title="bbox 203 4177 1280 4247; baseline 0.002 -2"><span class='ocrx_word' id='word_1_288' title='bbox 203 4200 222 4245; x_wconf 90' lang='lat' dir='ltr'>e</span> <span class='ocrx_word' id='word_1_289' title='bbox 244 4177 344 4245; x_wconf 81' lang='lat' dir='ltr'>Fabio</span> <span class='ocrx_word' id='word_1_290' title='bbox 373 4178 490 4246; x_wconf 84' lang='lat' dir='ltr'>sodex</span> <span class='ocrx_word' id='word_1_291' title='bbox 518 4179 587 4245; x_wconf 85' lang='lat' dir='ltr'>aliis</span> <span class='ocrx_word' id='word_1_292' title='bbox 615 4178 725 4247; x_wconf 90' lang='lat' dir='ltr'>eodem</span> <span class='ocrx_word' id='word_1_293' title='bbox 752 4180 822 4247; x_wconf 89' lang='lat' dir='ltr'>loco</span> <span class='ocrx_word' id='word_1_294' title='bbox 844 4202 864 4245; x_wconf 89' lang='lat' dir='ltr'>a</span> <span class='ocrx_word' id='word_1_295' title='bbox 889 4181 980 4247; x_wconf 90' lang='lat' dir='ltr'>Liuio</span> <span class='ocrx_word' id='word_1_296' title='bbox 1001 4178 1149 4247; x_wconf 80' lang='lat' dir='ltr'>adhibitis</span> <span class='ocrx_word' id='word_1_297' title='bbox 1170 4186 1280 4247; x_wconf 70' lang='grc'><strong>11010-</strong></span> 
     </span>
     <span class='ocr_line' id='line_1_37' title="bbox 202 4284 1280 4353; baseline 0.002 -2"><span class='ocrx_word' id='word_1_298' title='bbox 202 4284 292 4352; x_wconf 83' lang='lat' dir='ltr'>ribus</span> <span class='ocrx_word' id='word_1_299' title='bbox 332 4291 507 4353; x_wconf 80' lang='lat' dir='ltr'>manammt.</span> <span class='ocrx_word' id='word_1_300' title='bbox 565 4307 639 4351; x_wconf 87' lang='lat' dir='ltr'>nam</span> <span class='ocrx_word' id='word_1_301' title='bbox 673 4307 737 4353; x_wconf 91' lang='lat' dir='ltr'>non</span> <span class='ocrx_word' id='word_1_302' title='bbox 770 4291 872 4351; x_wconf 88' lang='lat' dir='ltr'>totam</span> <span class='ocrx_word' id='word_1_303' title='bbox 904 4286 996 4353; x_wconf 85' lang='lat' dir='ltr'>Fabii</span> <span class='ocrx_word' id='word_1_304' title='bbox 1028 4285 1191 4353; x_wconf 87' lang='lat' dir='ltr'>historiam</span> <span class='ocrx_word' id='word_1_305' title='bbox 1224 4306 1280 4353; x_wconf 85' lang='lat' dir='ltr'>ex·</span> 
     </span>
     <span class='ocr_line' id='line_1_38' title="bbox 203 4389 1280 4480; baseline 0 -23"><span class='ocrx_word' id='word_1_306' title='bbox 203 4390 331 4479; x_wconf 81' lang='lat' dir='ltr'>scripsit</span> <span class='ocrx_word' id='word_1_307' title='bbox 352 4389 471 4470; x_wconf 89' lang='lat' dir='ltr'>Liuius,</span> <span class='ocrx_word' id='word_1_308' title='bbox 494 4390 549 4459; x_wconf 87' lang='lat' dir='ltr'>sed</span> <span class='ocrx_word' id='word_1_309' title='bbox 572 4391 710 4477; x_wconf 83' lang='lat' dir='ltr'>singulas</span> <span class='ocrx_word' id='word_1_310' title='bbox 732 4390 828 4461; x_wconf 86' lang='lat' dir='ltr'>modo</span> <span class='ocrx_word' id='word_1_311' title='bbox 847 4397 955 4480; x_wconf 87' lang='lat' dir='ltr'>partes</span> <span class='ocrx_word' id='word_1_312' title='bbox 975 4398 1013 4458; x_wconf 89' lang='lat' dir='ltr'>ut</span> <span class='ocrx_word' id='word_1_313' title='bbox 1032 4411 1099 4457; x_wconf 87' lang='lat' dir='ltr'>mos</span> <span class='ocrx_word' id='word_1_314' title='bbox 1122 4391 1189 4457; x_wconf 87' lang='lat' dir='ltr'>eius</span> <span class='ocrx_word' id='word_1_315' title='bbox 1211 4398 1280 4457; x_wconf 79' lang='lat' dir='ltr'>enat</span> 
     </span>
    </p>
   </div>
   <div class='ocr_carea' id='block_1_3' title="bbox 0 0 1480 4900">
    <p class='ocr_par' dir='ltr' id='par_1_3' title="bbox 0 0 1480 4900">
     <span class='ocr_line' id='line_1_39' title="bbox 0 0 1480 4900; baseline 0 0"><span class='ocrx_word' id='word_1_316' title='bbox 0 0 1480 4900; x_wconf 95' lang='lat' dir='ltr'> </span> 
     </span>
    </p>
   </div>
  </div>
 </body>
</html>
