2950 4900
642 366 850 434 ..35-

208 582 309 668 ipsius
340 582 500 650 Plulsrrbi
535 579 748 648 testimonium
784 577 858 664 (XI,
895 573 1051 657 dmi).
1094 591 1170 636 num
1189 573 1280 654 post·

210 709 308 772 quem
343 689 478 754 utiam
510 688 686 754 monuimus
728 685 768 755 de
805 683 932 750 aciebus
968 678 1128 746 instructis
1163 696 1185 740 s
1224 675 1280 740 Li-

209 795 264 859 uio
307 793 491 860 dissentiens
535 795 728 878 eruptionem
766 813 786 856 a
826 787 975 862 Marcello
1018 787 1052 850 in
1086 783 1193 849 hostes
1230 781 1279 848 fs·

209 906 295 966 essm
330 901 472 966 narrauit
503 902 549 966 its
584 901 702 984 pergit:
753 901 914 981 Λέγονται
944 891 1004 978 γὰρ
1021 962 1024 969 ⁴
1040 886 1126 974 ὑπὲρ
1163 909 1276 954 πέντα-

207 1008 383 1088 κισχιλίοος
404 1005 593 1088 ἀποθανεῖνν,
615 1005 798 1074 ἀποκτεῖναι
819 999 856 1068 δὲ
877 997 1043 1084 Ῥωμαίων
1064 993 1103 1063 οὐ
1126 994 1277 1068 πλείονας

207 1109 233 1202 ἤ
253 1116 488 1188 πεντακοσίους.
526 1107 567 1177 Ὁ
586 1110 623 1178 dd
645 1115 766 1196 Λίβιος
786 1103 953 1191 οῧτινμέν
974 1103 1013 1174 οὐ
1036 1099 1276 1187 διαβεβαιοῦται

207 1222 359 1304 γενέσθαι
379 1215 520 1308 μεγάλην
541 1204 637 1308 ἦττον
657 1214 737 1286 οὐδὲ
751 1223 860 1284 πεσεῖν
873 1213 1002 1296 vesperis
1023 1205 1192 1281 τοσούτους
1214 1204 1276 1269 τῶν

207 1325 381 1408 πολεμίων,
402 1325 492 1400 κλέος
514 1321 552 1390 δέ
565 1326 649 1408 μέγα
662 1323 842 1409 Μαρκέλλῳ1
863 1320 915 1387 καὶ
929 1314 1113 1401 Ῥωμαίοιςλ
1121 1310 1156 1379 ἔκ
1169 1310 1275 1377 κακῶν

206 1426 331 1516 θάρσος
358 1425 422 1497 ἀπὸ
444 1431 499 1520 τῆς
527 1425 633 1517 μάχης
662 1426 783 1517 ἐκείνης
810 1422 950 1512 ὑπάρξαι
978 1416 1183 1506 θαυμαστὸν,
1211 1413 1273 1498 οὐχ

207 1531 251 1610 οἷς
274 1533 353 1622 πρὸς
375 1530 502 1620 ἄμαχον
524 1531 601 1602 οὐδὲ
623 1531 786 1625 ἀήττητον,
808 1530 892 1600 ἀλλα
912 1557 941 1598 τι
962 1531 1157 1604 καταθεῖν
1178 1519 1271 1593 δονά-

205 1663 304 1730 μενον
322 1644 596 1725 διαγωνιζομένοις
623 1643 789 1725 πολέμιον.
838 1639 977 1724 respexit
1010 1643 1115 1704 eutem
1147 1639 1274 1706 Plutus-

206 1748 284 1814 chus
311 1747 364 1813 ed
378 1748 448 1814 Liu.
475 1747 597 1826 XXIII,
624 1748 667 1812 16
689 1751 719 1830 ξ.
743 1745 888 1812 15-16:
911 1747 986 1823 „uix
1008 1747 1152 1831 equidem
1173 1748 1274 1816 auum

205 1842 362 1922 affirmine
389 1854 474 1939 quod
500 1854 629 1938 quidem
663 1859 805 1920 auctores
832 1852 990 1920 suntiduo
1011 1853 1098 1918 milie
1118 1860 1151 1920 et
1172 1857 1273 1922 octin-

203 1966 316 2044 gentos
349 1960 485 2026 bostium
515 1976 623 2026 caesos
653 1980 717 2024 non
749 1959 821 2043 plus
852 1958 1028 2043 quingentis
1061 1960 1273 2028 Romanorum

204 2067 336 2134 amissis
380 2065 436 2132 sed
469 2067 535 2134 siue
567 2071 657 2132 tonte
685 2066 751 2131 siue
777 2065 879 2132 minor
905 2066 1037 2131 uictoria
1063 2066 1132 2145 fuit,
1162 2069 1272 2152 ingens

204 2195 244 2240 eo
272 2174 322 2240 die
349 2195 399 2240 res
427 2193 465 2238 ec
491 2174 594 2240 nescio
617 2195 658 2240 au
682 2173 820 2240 maxims
839 2173 894 2238 illo
916 2173 998 2240 bello
1019 2179 1109 2256 gesta
1130 2175 1185 2240 sit:
1208 2184 1272 2242 non

205 2280 291 2346 runci
317 2280 399 2346 enim
426 2279 466 2351 eb
494 2280 670 2348 Hannibale
696 2278 892 2346 innuentibus
908 2274 1075 2348 'difficilius
1095 2282 1156 2348 fuit
1177 2272 1271 2368 quam

203 2393 315 2473 postes
341 2388 513 2454 uincere.“·
546 2409 617 2454 cum
643 2388 738 2472 igitur
764 2409 806 2453 ne
833 2406 994 2454 caesorum
1015 2388 1143 2473 quidem
1162 2411 1271 2459 nume·

203 2516 276 2559 rum
298 2495 352 2578 qui
372 2496 406 2561 in
428 2495 538 2562 eodem
559 2495 641 2561 Liuii
661 2496 810 2561 locoerct
825 2515 982 2578 —neque
1002 2516 1166 2563 numerum
1187 2499 1271 2584 apud

102 2646 108 2655 -
203 2600 330 2675 Liuium
361 2607 541 2701 corruptum
575 2622 657 2679 esse,
690 2620 881 2685 quemquem
911 2605 1051 2667 extreme
1082 2602 1144 2669 loci
1174 2606 1271 2673 nerbs

204 2712 353 2795 corrupte
373 2728 440 2773 esse
461 2709 523 2773 ism
545 2706 663 2773 dudum
686 2707 844 2790 cognitum
865 2712 922 2785 est,
944 2707 1011 2772 ulls
1031 2712 1080 2775 est
1100 2732 1196 2783 causa
1215 2736 1271 2782 cur

203 2814 395 2897 suspicemur
416 2852 460 2863 -
493 2815 646 2898 receperit
666 2812 862 2890 Plutarchus,
889 2819 980 2899 petet
1007 2835 1026 2881 e
1052 2816 1143 2882 Liuio
1171 2820 1270 2887 sclam

201 2918 291 2985 illum
317 2921 503 2987 sententium
528 2921 660 3005 petitum
686 2940 764 2997 csse,
792 2940 955 2988 caesorum
981 2926 1087 2988 sutem
1104 2946 1269 2993 numerum

202 3048 267 3095 non
297 3028 399 3092 minus
431 3048 527 3110 quam
558 3034 694 3093 ceteram
719 3027 768 3093 rei
788 3032 895 3110 gestes
915 3029 1125 3094 narrationem
1147 3051 1185 3095 ex
1207 3033 1269 3099 olio

200 3131 290 3197 fonte
307 3139 437 3217 sumpta
459 3153 535 3198 esse.
591 3153 631 3199 ec
660 3132 744 3197 Liuii
769 3132 868 3199 uerbo
889 3153 929 3198 ue
949 3133 1121 3217 inspexisse
1142 3134 1287 3221 quidem

201 3260 275 3305 essm
294 3240 399 3305 lomim
421 3240 513 3305 illum
535 3240 659 3324 scripsit
681 3239 737 3305 sed
759 3260 799 3307 ex
819 3240 967 3306 memoria
988 3241 1159 3308 reddidisse
1181 3244 1269 3310 uide·

201 3349 256 3409 tun
277 3345 472 3424 Plutarchus,
495 3347 570 3430 quia
583 3367 695 3429 parum
710 3350 856 3411 accurate
871 3346 936 3411 eius
958 3348 1146 3413 sententium
1163 3355 1269 3416 truns-

201 3450 286 3529 tulit,
308 3452 371 3517 dlis
392 3452 522 3530 eddidit,
538 3453 601 3518 ulie
621 3452 758 3518 inuertit.
781 3452 904 3517 etiamsi
919 3457 1061 3519 externe
1075 3454 1158 3519 Liuii
1171 3456 1269 3523 uerba

200 3578 266 3623 non
286 3558 351 3623 iam
371 3559 494 3643 integre
514 3565 597 3637 sunt,
619 3564 727 3624 tumen
748 3578 845 3643 qusm
865 3560 1052 3625 seutentiam
1072 3563 1269 3645 proposuerit

200 3662 310 3729 liuius
331 3685 395 3729 non
414 3668 520 3748 potest
533 3663 661 3730 dubium
676 3684 752 3730 esse.
797 3670 865 3730 erst
884 3664 949 3729 fere
970 3666 1058 3731 telis:
1080 3688 1164 3743 „non
1180 3669 1269 3734 uinci

200 3769 286 3835 enim
298 3770 340 3835 ub
356 3770 533 3836 Hannibale
542 3771 631 3835 uince
639 3770 683 3859 [re
699 3768 906 3857 disoe]ntibus
924 3770 1079 3836 difficilius
1094 3771 1156 3837 fuit
1170 3795 1266 3857 quam

197 3880 311 3961 postes
330 3874 493 3955 uincenef‘
522 3878 603 3943 siout
629 3877 821 3959 Mndwigius
848 3877 967 3942 emend.
995 3877 1065 3943 Lin
1092 3897 1163 3962 psg.
1192 3881 1267 3960 262,

199 3982 288 4047 sm'2
301 3982 474 4066 proposuit.
496 3982 537 4049 sb
567 4003 630 4067 qus
650 3981 820 4067 plurimum
841 3981 958 4047 distare
980 4003 1062 4066 qnae
1082 3982 1268 4051 Plutarchus
1348 4016 1351 4019 ⁴

198 4086 327 4155 mhibet
348 4088 546 4155 menifestum
566 4093 623 4153 eet.
651 4121 696 4137 ·-·-
717 4107 819 4170 neque
845 4087 945 4171 magis
966 4087 1129 4172 Polybium
1149 4090 1268 4155 fontem

199 4192 360 4260 Plutarchi
386 4194 491 4273 luisse,
519 4214 709 4278 quemquem
735 4193 839 4277 ipsum
860 4192 901 4258 dc
921 4193 971 4258 his
992 4193 1086 4259 rebus
1109 4194 1269 4260 consulere
1380 4225 1381 4236 ν

198 4298 290 4367 nobis
319 4320 382 4365 non
408 4300 493 4378 licet,
514 4299 600 4365 haud
622 4298 716 4365 dubIe
738 4298 895 4381 colligitur
916 4319 956 4364 ex
972 4320 1015 4383 eo
1038 4298 1121 4380 quod
1143 4298 1268 4363 Plutar-

199 4404 277 4472 ἀναν
306 4405 421 4471 instem
448 4404 534 4489 apud
561 4404 675 4471 Noun
696 4404 861 4470 riiotcrism
881 4401 1063 4471 Marcellum
1085 4401 1125 4465 de
1146 4402 1266 4467 Hunni·

384 4504 388 4516 i
1026 4508 1055 4561 3·
