<?xml version="1.0" encoding="UTF-8"?>
<!DOCTYPE html PUBLIC "-//W3C//DTD XHTML 1.0 Transitional//EN"
    "http://www.w3.org/TR/xhtml1/DTD/xhtml1-transitional.dtd">
<html xmlns="http://www.w3.org/1999/xhtml" xml:lang="en" lang="en">
 <head>
  <title>
</title>
<meta http-equiv="Content-Type" content="text/html;charset=utf-8" />
  <meta name='ocr-system' content='tesseract 3.04.00' />
  <meta name='ocr-capabilities' content='ocr_page ocr_carea ocr_par ocr_line ocrx_word'/>
</head>
<body>
  <div class='ocr_page' id='page_1' title='image "./quibusfontibusp00buchgoog_0023.png"; bbox 0 0 2950 4900; ppageno 0'>
   <div class='ocr_carea' id='block_1_1' title="bbox 635 379 856 444">
    <p class='ocr_par' dir='ltr' id='par_1_1' title="bbox 635 379 856 444">
     <span class='ocr_line' id='line_1_1' title="bbox 635 379 856 444; baseline 0.005 -18"><span class='ocrx_word' id='word_1_1' title='bbox 635 379 856 444; x_wconf 65' lang='lat'>..15-</span> 
     </span>
    </p>
   </div>
   <div class='ocr_carea' id='block_1_2' title="bbox 204 587 1388 781">
    <p class='ocr_par' dir='ltr' id='par_1_2' title="bbox 204 587 1388 781">
     <span class='ocr_line' id='line_1_2' title="bbox 205 587 1388 691; baseline -0.003 -34"><span class='ocrx_word' id='word_1_2' title='bbox 205 587 308 656; x_wconf 81' lang='lat' dir='ltr'><strong>Marte</strong></span> <span class='ocrx_word' id='word_1_3' title='bbox 331 594 504 674; x_wconf 79' lang='lat' dir='ltr'><strong>pugnatam</strong></span> <span class='ocrx_word' id='word_1_4' title='bbox 532 609 600 655; x_wconf 89' lang='lat' dir='ltr'><strong>esse</strong></span> <span class='ocrx_word' id='word_1_5' title='bbox 622 589 756 656; x_wconf 86' lang='lat' dir='ltr'><strong>Romam</strong></span> <span class='ocrx_word' id='word_1_6' title='bbox 782 591 945 660; x_wconf 75' lang='lat' dir='ltr'><strong>nuntiasse</strong></span> <span class='ocrx_word' id='word_1_7' title='bbox 972 609 1127 674; x_wconf 77' lang='lat' dir='ltr'><strong>nusquam</strong></span> <span class='ocrx_word' id='word_1_8' title='bbox 1150 609 1288 655; x_wconf 86' lang='lat' dir='ltr'><strong>comme-</strong></span> <span class='ocrx_word' id='word_1_9' title='bbox 1387 666 1388 691; x_wconf 22' lang='grc' dir='ltr'>ἶ</span> 
     </span>
     <span class='ocr_line' id='line_1_3' title="bbox 204 695 1388 781; baseline -0.003 -19"><span class='ocrx_word' id='word_1_10' title='bbox 204 701 308 764; x_wconf 87' lang='lat' dir='ltr'><strong>morat</strong></span> <span class='ocrx_word' id='word_1_11' title='bbox 327 696 444 761; x_wconf 85' lang='lat' dir='ltr'><strong>Liuius.</strong></span> <span class='ocrx_word' id='word_1_12' title='bbox 488 715 589 780; x_wconf 88' lang='lat' dir='ltr'><strong>neque</strong></span> <span class='ocrx_word' id='word_1_13' title='bbox 615 695 690 762; x_wconf 85' lang='lat' dir='ltr'><strong>fieta</strong></span> <span class='ocrx_word' id='word_1_14' title='bbox 712 715 781 761; x_wconf 89' lang='lat' dir='ltr'><strong>esse</strong></span> <span class='ocrx_word' id='word_1_15' title='bbox 801 696 858 760; x_wconf 89' lang='lat' dir='ltr'><strong>illa</strong></span> <span class='ocrx_word' id='word_1_16' title='bbox 879 717 900 761; x_wconf 89' lang='lat' dir='ltr'><strong>a</strong></span> <span class='ocrx_word' id='word_1_17' title='bbox 920 695 1090 762; x_wconf 70' lang='lat' dir='ltr'><strong>Plutarcho</strong></span> <span class='ocrx_word' id='word_1_18' title='bbox 1111 702 1286 781; x_wconf 86' lang='lat' dir='ltr'><strong>apparete</strong></span> <span class='ocrx_word' id='word_1_19' title='bbox 1387 702 1388 709; x_wconf 78' lang='grc'>’</span> 
     </span>
    </p>
   </div>
   <div class='ocr_carea' id='block_1_3' title="bbox 203 800 1295 1208">
    <p class='ocr_par' dir='ltr' id='par_1_3' title="bbox 203 800 1295 1208">
     <span class='ocr_line' id='line_1_4' title="bbox 204 800 1295 889; baseline -0.002 -21"><span class='ocrx_word' id='word_1_20' title='bbox 204 801 344 888; x_wconf 86' lang='lat' dir='ltr'>Polybio,</span> <span class='ocrx_word' id='word_1_21' title='bbox 367 804 422 886; x_wconf 90' lang='lat' dir='ltr'><strong>qni</strong></span> <span class='ocrx_word' id='word_1_22' title='bbox 443 800 498 867; x_wconf 92' lang='lat' dir='ltr'><strong>ubi</strong></span> <span class='ocrx_word' id='word_1_23' title='bbox 513 801 555 866; x_wconf 87' lang='lat' dir='ltr'><strong>de</strong></span> <span class='ocrx_word' id='word_1_24' title='bbox 571 802 690 886; x_wconf 87' lang='lat' dir='ltr'><strong>proelio</strong></span> <span class='ocrx_word' id='word_1_25' title='bbox 704 802 760 866; x_wconf 89' lang='lat' dir='ltr'><strong>illo</strong></span> <span class='ocrx_word' id='word_1_26' title='bbox 774 801 870 866; x_wconf 83' lang='lat' dir='ltr'><strong>refert</strong></span> <span class='ocrx_word' id='word_1_27' title='bbox 883 801 994 866; x_wconf 88' lang='lat' dir='ltr'><strong>eadem</strong></span> <span class='ocrx_word' id='word_1_28' title='bbox 1008 802 1107 867; x_wconf 85' lang='lat' dir='ltr'><strong>tradit</strong></span> <span class='ocrx_word' id='word_1_29' title='bbox 1128 801 1199 889; x_wconf 91' lang='lat' dir='ltr'><strong>(III,</strong></span> <span class='ocrx_word' id='word_1_30' title='bbox 1216 802 1295 886; x_wconf 81' lang='grc'>75)..</span> 
     </span>
     <span class='ocr_line' id='line_1_5' title="bbox 203 905 1285 991; baseline -0.001 -17"><span class='ocrx_word' id='word_1_31' title='bbox 203 913 274 974; x_wconf 86' lang='lat' dir='ltr'><strong>tum</strong></span> <span class='ocrx_word' id='word_1_32' title='bbox 300 929 464 974; x_wconf 89' lang='lat' dir='ltr'><strong>numerum</strong></span> <span class='ocrx_word' id='word_1_33' title='bbox 496 928 659 974; x_wconf 89' lang='lat' dir='ltr'><strong>caesorum</strong></span> <span class='ocrx_word' id='word_1_34' title='bbox 688 907 823 973; x_wconf 89' lang='lat' dir='ltr'><strong>eundem</strong></span> <span class='ocrx_word' id='word_1_35' title='bbox 851 905 1002 986; x_wconf 75' lang='lat' dir='ltr'><strong>afferens,</strong></span> <span class='ocrx_word' id='word_1_36' title='bbox 1030 929 1124 991; x_wconf 85' lang='lat' dir='ltr'><strong>quern</strong></span> <span class='ocrx_word' id='word_1_37' title='bbox 1151 907 1285 973; x_wconf 82' lang='lat' dir='ltr'><strong>Fabium</strong></span> 
     </span>
     <span class='ocr_line' id='line_1_6' title="bbox 203 1003 1283 1099; baseline 0.003 -19"><span class='ocrx_word' id='word_1_38' title='bbox 203 1013 359 1080; x_wconf 89' lang='lat' dir='ltr'><strong>Pictorem</strong></span> <span class='ocrx_word' id='word_1_39' title='bbox 382 1019 506 1080; x_wconf 87' lang='lat' dir='ltr'><strong>secutus</strong></span> <span class='ocrx_word' id='word_1_40' title='bbox 528 1015 637 1080; x_wconf 88' lang='lat' dir='ltr'><strong>Liuius</strong></span> <span class='ocrx_word' id='word_1_41' title='bbox 665 1014 780 1099; x_wconf 89' lang='lat' dir='ltr'><strong>prodit,</strong></span> <span class='ocrx_word' id='word_1_42' title='bbox 803 1014 989 1080; x_wconf 77' lang='lat' dir='ltr'><strong>Plutarchus</strong></span> <span class='ocrx_word' id='word_1_43' title='bbox 1015 1013 1119 1079; x_wconf 85' lang='lat' dir='ltr'><strong>addit:</strong></span> <span class='ocrx_word' id='word_1_44' title='bbox 1148 1003 1202 1082; x_wconf 80' lang='grc' dir='ltr'><strong>καί</strong></span> <span class='ocrx_word' id='word_1_45' title='bbox 1229 1013 1283 1083; x_wconf 77' lang='grc' dir='ltr'><strong>ἑά·</strong></span> 
     </span>
     <span class='ocr_line' id='line_1_7' title="bbox 203 1119 1284 1208; baseline -0.002 -20"><span class='ocrx_word' id='word_1_46' title='bbox 203 1123 309 1189; x_wconf 67' lang='lat' dir='ltr'><strong>dorcas</strong></span> <span class='ocrx_word' id='word_1_47' title='bbox 332 1120 434 1208; x_wconf 77' lang='grc' dir='ltr'><strong><em>ἕτεροι</em></strong></span> <span class='ocrx_word' id='word_1_48' title='bbox 455 1123 607 1190; x_wconf 80' lang='grc' dir='ltr'><strong>τοσοῦτοι.</strong></span> <span class='ocrx_word' id='word_1_49' title='bbox 653 1141 747 1205; x_wconf 87' lang='lat' dir='ltr'><strong>quern</strong></span> <span class='ocrx_word' id='word_1_50' title='bbox 767 1121 964 1205; x_wconf 88' lang='lat' dir='ltr'><strong>captiuorum</strong></span> <span class='ocrx_word' id='word_1_51' title='bbox 1004 1140 1169 1187; x_wconf 89' lang='lat' dir='ltr'><strong>numerum</strong></span> <span class='ocrx_word' id='word_1_52' title='bbox 1199 1119 1284 1186; x_wconf 88' lang='lat' dir='ltr'><strong>unde</strong></span> 
     </span>
    </p>
   </div>
   <div class='ocr_carea' id='block_1_4' title="bbox 202 1226 1389 1317">
    <p class='ocr_par' dir='ltr' id='par_1_4' title="bbox 202 1226 1389 1317">
     <span class='ocr_line' id='line_1_8' title="bbox 202 1226 1389 1317; baseline -0.007 -22"><span class='ocrx_word' id='word_1_53' title='bbox 202 1228 295 1312; x_wconf 89' lang='lat' dir='ltr'><strong>petiit</strong></span> <span class='ocrx_word' id='word_1_54' title='bbox 316 1227 523 1293; x_wconf 84' lang='lat' dir='ltr'><strong>Plutarchus?</strong></span> <span class='ocrx_word' id='word_1_55' title='bbox 547 1226 632 1312; x_wconf 89' lang='lat' dir='ltr'><strong>apud</strong></span> <span class='ocrx_word' id='word_1_56' title='bbox 653 1227 780 1294; x_wconf 86' lang='lat' dir='ltr'><strong>Liuium</strong></span> <span class='ocrx_word' id='word_1_57' title='bbox 801 1249 865 1292; x_wconf 95' lang='lat' dir='ltr'><strong>non</strong></span> <span class='ocrx_word' id='word_1_58' title='bbox 887 1232 984 1292; x_wconf 79' lang='lat' dir='ltr'><strong>extat</strong></span> <span class='ocrx_word' id='word_1_59' title='bbox 1028 1231 1101 1312; x_wconf 85' lang='lat' dir='ltr'><strong>post</strong></span> <span class='ocrx_word' id='word_1_60' title='bbox 1121 1226 1204 1291; x_wconf 88' lang='lat' dir='ltr'><strong>Liuii</strong></span> <span class='ocrx_word' id='word_1_61' title='bbox 1225 1247 1283 1292; x_wconf 89' lang='lat' dir='ltr'><strong>au-</strong></span> <span class='ocrx_word' id='word_1_62' title='bbox 1388 1310 1389 1317; x_wconf 6' lang='grc' dir='ltr'>ἵ</span> 
     </span>
    </p>
   </div>
   <div class='ocr_carea' id='block_1_5' title="bbox 201 1334 1283 1631">
    <p class='ocr_par' dir='ltr' id='par_1_5' title="bbox 201 1334 1283 1631">
     <span class='ocr_line' id='line_1_9' title="bbox 201 1334 1282 1420; baseline -0.004 -16"><span class='ocrx_word' id='word_1_63' title='bbox 201 1340 269 1404; x_wconf 78' lang='lat' dir='ltr'><strong>tem</strong></span> <span class='ocrx_word' id='word_1_64' title='bbox 290 1335 403 1400; x_wconf 83' lang='lat' dir='ltr'><strong>uerba:</strong></span> <span class='ocrx_word' id='word_1_65' title='bbox 427 1335 485 1413; x_wconf 91' lang='lat' dir='ltr'><strong>„in</strong></span> <span class='ocrx_word' id='word_1_66' title='bbox 507 1334 574 1399; x_wconf 89' lang='lat' dir='ltr'><strong>acie</strong></span> <span class='ocrx_word' id='word_1_67' title='bbox 596 1345 714 1400; x_wconf 87' lang='lat' dir='ltr'><strong>oaeaa“</strong></span> <span class='ocrx_word' id='word_1_68' title='bbox 743 1335 939 1420; x_wconf 88' lang='lat' dir='ltr'><strong>captiuorum</strong></span> <span class='ocrx_word' id='word_1_69' title='bbox 966 1355 1130 1400; x_wconf 75' lang='lat' dir='ltr'><strong>numerum</strong></span> <span class='ocrx_word' id='word_1_70' title='bbox 1155 1335 1282 1400; x_wconf 83' lang='lat' dir='ltr'><strong>interni·</strong></span> 
     </span>
     <span class='ocr_line' id='line_1_10' title="bbox 203 1438 1283 1526; baseline 0.001 -21"><span class='ocrx_word' id='word_1_71' title='bbox 203 1439 297 1518; x_wconf 88' lang='lat' dir='ltr'><strong>disse,</strong></span> <span class='ocrx_word' id='word_1_72' title='bbox 320 1445 357 1506; x_wconf 90' lang='lat' dir='ltr'><strong>ut</strong></span> <span class='ocrx_word' id='word_1_73' title='bbox 381 1438 414 1505; x_wconf 81' lang='lat'><strong>0.</strong></span> <span class='ocrx_word' id='word_1_74' title='bbox 437 1441 568 1506; x_wconf 90' lang='lat' dir='ltr'><strong>Peterus</strong></span> <span class='ocrx_word' id='word_1_75' title='bbox 591 1442 747 1526; x_wconf 88' lang='lat' dir='ltr'><strong>opinatur,</strong></span> <span class='ocrx_word' id='word_1_76' title='bbox 767 1462 832 1507; x_wconf 93' lang='lat' dir='ltr'><strong>non</strong></span> <span class='ocrx_word' id='word_1_77' title='bbox 853 1445 903 1508; x_wconf 89' lang='lat' dir='ltr'><strong>est</strong></span> <span class='ocrx_word' id='word_1_78' title='bbox 917 1439 1003 1524; x_wconf 90' lang='lat' dir='ltr'><strong>quod</strong></span> <span class='ocrx_word' id='word_1_79' title='bbox 1016 1440 1189 1519; x_wconf 80' lang='lat' dir='ltr'><strong>medamns,</strong></span> <span class='ocrx_word' id='word_1_80' title='bbox 1211 1461 1283 1506; x_wconf 83' lang='lat' dir='ltr'><strong>cum</strong></span> 
     </span>
     <span class='ocr_line' id='line_1_11' title="bbox 202 1545 1281 1631; baseline 0.002 -21"><span class='ocrx_word' id='word_1_81' title='bbox 202 1545 324 1610; x_wconf 91' lang='lat' dir='ltr'><strong>nullum</strong></span> <span class='ocrx_word' id='word_1_82' title='bbox 359 1545 554 1631; x_wconf 83' lang='lat' dir='ltr'><strong>corruptelae</strong></span> <span class='ocrx_word' id='word_1_83' title='bbox 590 1548 757 1630; x_wconf 80' lang='lat' dir='ltr'><strong>uestigium</strong></span> <span class='ocrx_word' id='word_1_84' title='bbox 797 1547 831 1611; x_wconf 93' lang='lat' dir='ltr'><strong>in</strong></span> <span class='ocrx_word' id='word_1_85' title='bbox 869 1546 1029 1615; x_wconf 87' lang='lat' dir='ltr'><strong>codicibus</strong></span> <span class='ocrx_word' id='word_1_86' title='bbox 1065 1547 1281 1630; x_wconf 85' lang='lat' dir='ltr'><strong>conspiciatur.</strong></span> 
     </span>
    </p>
   </div>
   <div class='ocr_carea' id='block_1_6' title="bbox 94 1641 1282 1736">
    <p class='ocr_par' dir='ltr' id='par_1_6' title="bbox 94 1641 1282 1736">
     <span class='ocr_line' id='line_1_12' title="bbox 94 1641 1282 1736; baseline 0.002 -20"><span class='ocrx_word' id='word_1_87' title='bbox 94 1641 96 1646; x_wconf 39' lang='lat'><strong><em>¹</em></strong></span> <span class='ocrx_word' id='word_1_88' title='bbox 201 1652 299 1716; x_wconf 86' lang='lat' dir='ltr'><strong>etiam</strong></span> <span class='ocrx_word' id='word_1_89' title='bbox 330 1651 433 1716; x_wconf 88' lang='lat' dir='ltr'><strong>minus</strong></span> <span class='ocrx_word' id='word_1_90' title='bbox 462 1656 511 1717; x_wconf 85' lang='lat' dir='ltr'><strong>est</strong></span> <span class='ocrx_word' id='word_1_91' title='bbox 539 1651 686 1718; x_wconf 79' lang='lat' dir='ltr'><strong>credibile</strong></span> <span class='ocrx_word' id='word_1_92' title='bbox 713 1652 917 1719; x_wconf 79' lang='lat' dir='ltr'><strong>Plutarchum</strong></span> <span class='ocrx_word' id='word_1_93' title='bbox 951 1653 1053 1720; x_wconf 91' lang='lat' dir='ltr'><strong>solum</strong></span> <span class='ocrx_word' id='word_1_94' title='bbox 1086 1653 1282 1736; x_wconf 86' lang='lat' dir='ltr'><strong>captiuorum</strong></span> 
     </span>
    </p>
   </div>
   <div class='ocr_carea' id='block_1_7' title="bbox 199 1757 1282 2799">
    <p class='ocr_par' dir='ltr' id='par_1_7' title="bbox 199 1757 1282 2799">
     <span class='ocr_line' id='line_1_13' title="bbox 201 1757 1282 1842; baseline 0.001 -20"><span class='ocrx_word' id='word_1_95' title='bbox 201 1777 366 1822; x_wconf 88' lang='lat' dir='ltr'><strong>numerum</strong></span> <span class='ocrx_word' id='word_1_96' title='bbox 399 1777 439 1821; x_wconf 88' lang='lat' dir='ltr'><strong>ex</strong></span> <span class='ocrx_word' id='word_1_97' title='bbox 472 1757 571 1822; x_wconf 86' lang='lat' dir='ltr'><strong>altero</strong></span> <span class='ocrx_word' id='word_1_98' title='bbox 598 1757 686 1823; x_wconf 89' lang='lat' dir='ltr'><strong>fonte</strong></span> <span class='ocrx_word' id='word_1_99' title='bbox 714 1758 873 1842; x_wconf 87' lang='lat' dir='ltr'><strong>petiuisse.</strong></span> <span class='ocrx_word' id='word_1_100' title='bbox 918 1759 1008 1842; x_wconf 85' lang='lat' dir='ltr'><strong>atqui</strong></span> <span class='ocrx_word' id='word_1_101' title='bbox 1036 1757 1169 1823; x_wconf 90' lang='lat' dir='ltr'><strong>eundem</strong></span> <span class='ocrx_word' id='word_1_102' title='bbox 1197 1758 1282 1842; x_wconf 88' lang='lat' dir='ltr'><strong>apud</strong></span> 
     </span>
     <span class='ocr_line' id='line_1_14' title="bbox 201 1860 1282 1946; baseline 0.002 -20"><span class='ocrx_word' id='word_1_103' title='bbox 201 1860 367 1946; x_wconf 89' lang='lat' dir='ltr'><strong>Polybium</strong></span> <span class='ocrx_word' id='word_1_104' title='bbox 389 1861 574 1928; x_wconf 90' lang='lat' dir='ltr'><strong>inuenimus.</strong></span> <span class='ocrx_word' id='word_1_105' title='bbox 620 1883 692 1928; x_wconf 89' lang='lat' dir='ltr'><strong>eum</strong></span> <span class='ocrx_word' id='word_1_106' title='bbox 712 1882 789 1928; x_wconf 85' lang='lat' dir='ltr'><strong>nero</strong></span> <span class='ocrx_word' id='word_1_107' title='bbox 812 1883 831 1928; x_wconf 90' lang='lat' dir='ltr'><strong>e</strong></span> <span class='ocrx_word' id='word_1_108' title='bbox 858 1863 957 1929; x_wconf 83' lang='lat' dir='ltr'><strong>Fabio</strong></span> <span class='ocrx_word' id='word_1_109' title='bbox 984 1864 1109 1928; x_wconf 89' lang='lat' dir='ltr'><strong>Pictore</strong></span> <span class='ocrx_word' id='word_1_110' title='bbox 1136 1884 1282 1929; x_wconf 80' lang='lat' dir='ltr'><strong>summm</strong></span> 
     </span>
     <span class='ocr_line' id='line_1_15' title="bbox 199 1967 1282 2053; baseline 0.003 -21"><span class='ocrx_word' id='word_1_111' title='bbox 199 1967 380 2052; x_wconf 79' lang='lat' dir='ltr'><strong>sumpsisse,</strong></span> <span class='ocrx_word' id='word_1_112' title='bbox 402 1967 528 2034; x_wconf 91' lang='lat' dir='ltr'><strong>Liuium</strong></span> <span class='ocrx_word' id='word_1_113' title='bbox 550 1972 657 2033; x_wconf 85' lang='lat' dir='ltr'><strong>autern</strong></span> <span class='ocrx_word' id='word_1_114' title='bbox 678 1974 780 2036; x_wconf 84' lang='lat' dir='ltr'><strong>totam</strong></span> <span class='ocrx_word' id='word_1_115' title='bbox 802 1969 900 2034; x_wconf 89' lang='lat' dir='ltr'><strong>eladis</strong></span> <span class='ocrx_word' id='word_1_116' title='bbox 921 1969 1161 2053; x_wconf 73' lang='lat' dir='ltr'><strong>descriptionem</strong></span> <span class='ocrx_word' id='word_1_117' title='bbox 1183 1990 1201 2034; x_wconf 97' lang='lat' dir='ltr'><strong>e</strong></span> <span class='ocrx_word' id='word_1_118' title='bbox 1220 1969 1282 2035; x_wconf 85' lang='lat' dir='ltr'><strong>Fu·</strong></span> 
     </span>
     <span class='ocr_line' id='line_1_16' title="bbox 203 2073 1282 2168; baseline 0.002 -28"><span class='ocrx_word' id='word_1_119' title='bbox 203 2073 257 2140; x_wconf 91' lang='lat' dir='ltr'><strong>bio</strong></span> <span class='ocrx_word' id='word_1_120' title='bbox 278 2073 418 2138; x_wconf 80' lang='lat' dir='ltr'><strong>hausisse</strong></span> <span class='ocrx_word' id='word_1_121' title='bbox 441 2095 512 2140; x_wconf 89' lang='lat' dir='ltr'><strong>cum</strong></span> <span class='ocrx_word' id='word_1_122' title='bbox 535 2074 772 2168; x_wconf 77' lang='lat' dir='ltr'><strong>ostenderimus,</strong></span> <span class='ocrx_word' id='word_1_123' title='bbox 798 2096 902 2141; x_wconf 92' lang='lat' dir='ltr'><strong>nonne</strong></span> <span class='ocrx_word' id='word_1_124' title='bbox 932 2076 978 2140; x_wconf 90' lang='lat' dir='ltr'><strong>ita</strong></span> <span class='ocrx_word' id='word_1_125' title='bbox 999 2074 1147 2142; x_wconf 85' lang='lat' dir='ltr'><strong>facillime</strong></span> <span class='ocrx_word' id='word_1_126' title='bbox 1161 2097 1211 2141; x_wconf 87' lang='lat' dir='ltr'><strong>res</strong></span> <span class='ocrx_word' id='word_1_127' title='bbox 1226 2096 1282 2142; x_wconf 83' lang='lat' dir='ltr'><strong>ex·</strong></span> 
     </span>
     <span class='ocr_line' id='line_1_17' title="bbox 201 2179 1281 2265; baseline 0.002 -19"><span class='ocrx_word' id='word_1_128' title='bbox 201 2179 337 2265; x_wconf 84' lang='lat' dir='ltr'><strong>peditur,</strong></span> <span class='ocrx_word' id='word_1_129' title='bbox 359 2185 397 2244; x_wconf 93' lang='lat' dir='ltr'><strong>ut</strong></span> <span class='ocrx_word' id='word_1_130' title='bbox 418 2179 514 2244; x_wconf 89' lang='lat' dir='ltr'><strong>etiam</strong></span> <span class='ocrx_word' id='word_1_131' title='bbox 534 2180 737 2246; x_wconf 77' lang='lat' dir='ltr'><strong>Plutarchum</strong></span> <span class='ocrx_word' id='word_1_132' title='bbox 759 2201 799 2245; x_wconf 86' lang='lat' dir='ltr'><strong>ex</strong></span> <span class='ocrx_word' id='word_1_133' title='bbox 821 2180 931 2246; x_wconf 89' lang='lat' dir='ltr'><strong>eodem</strong></span> <span class='ocrx_word' id='word_1_134' title='bbox 953 2180 1051 2246; x_wconf 84' lang='lat' dir='ltr'><strong>Fabio</strong></span> <span class='ocrx_word' id='word_1_135' title='bbox 1072 2181 1197 2247; x_wconf 81' lang='lat' dir='ltr'><strong>Pictore</strong></span> <span class='ocrx_word' id='word_1_136' title='bbox 1217 2203 1281 2248; x_wconf 94' lang='lat' dir='ltr'><strong>non</strong></span> 
     </span>
     <span class='ocr_line' id='line_1_18' title="bbox 201 2285 1280 2354; baseline 0.002 -2"><span class='ocrx_word' id='word_1_137' title='bbox 201 2285 305 2353; x_wconf 89' lang='lat' dir='ltr'><strong>solum</strong></span> <span class='ocrx_word' id='word_1_138' title='bbox 326 2306 472 2352; x_wconf 90' lang='lat' dir='ltr'><strong>numeros</strong></span> <span class='ocrx_word' id='word_1_139' title='bbox 495 2285 551 2351; x_wconf 92' lang='lat' dir='ltr'><strong>sed</strong></span> <span class='ocrx_word' id='word_1_140' title='bbox 573 2287 669 2352; x_wconf 89' lang='lat' dir='ltr'><strong>etiam</strong></span> <span class='ocrx_word' id='word_1_141' title='bbox 696 2287 947 2353; x_wconf 86' lang='lat' dir='ltr'><strong>narratiunculas</strong></span> <span class='ocrx_word' id='word_1_142' title='bbox 969 2308 1076 2353; x_wconf 91' lang='lat' dir='ltr'><strong>omnes</strong></span> <span class='ocrx_word' id='word_1_143' title='bbox 1103 2295 1280 2354; x_wconf 89' lang='lat' dir='ltr'><strong>mutuatum</strong></span> 
     </span>
     <span class='ocr_line' id='line_1_19' title="bbox 202 2393 1281 2477; baseline 0.003 -18"><span class='ocrx_word' id='word_1_144' title='bbox 202 2412 271 2459; x_wconf 88' lang='lat' dir='ltr'><strong>esse</strong></span> <span class='ocrx_word' id='word_1_145' title='bbox 293 2394 489 2459; x_wconf 77' lang='lat' dir='ltr'><strong>statuamus?</strong></span> <span class='ocrx_word' id='word_1_146' title='bbox 529 2399 656 2477; x_wconf 87' lang='lat' dir='ltr'><strong>praesto</strong></span> <span class='ocrx_word' id='word_1_147' title='bbox 684 2399 791 2459; x_wconf 83' lang='lat' dir='ltr'><strong>autem</strong></span> <span class='ocrx_word' id='word_1_148' title='bbox 818 2393 913 2459; x_wconf 84' lang='lat' dir='ltr'><strong>fuisse</strong></span> <span class='ocrx_word' id='word_1_149' title='bbox 936 2399 968 2459; x_wconf 89' lang='lat' dir='ltr'><strong>et</strong></span> <span class='ocrx_word' id='word_1_150' title='bbox 989 2393 1148 2462; x_wconf 88' lang='lat' dir='ltr'><strong>adhibitos</strong></span> <span class='ocrx_word' id='word_1_151' title='bbox 1171 2415 1238 2462; x_wconf 92' lang='lat' dir='ltr'><strong>esse</strong></span> <span class='ocrx_word' id='word_1_152' title='bbox 1261 2416 1281 2461; x_wconf 84' lang='lat' dir='ltr'><strong>a</strong></span> 
     </span>
     <span class='ocr_line' id='line_1_20' title="bbox 200 2498 1280 2584; baseline 0.004 -20"><span class='ocrx_word' id='word_1_153' title='bbox 200 2498 371 2565; x_wconf 79' lang='lat' dir='ltr'><strong>Plutarcho</strong></span> <span class='ocrx_word' id='word_1_154' title='bbox 392 2498 482 2565; x_wconf 83' lang='lat' dir='ltr'><strong>Fabii</strong></span> <span class='ocrx_word' id='word_1_155' title='bbox 504 2500 633 2565; x_wconf 84' lang='lat' dir='ltr'><strong>annales</strong></span> <span class='ocrx_word' id='word_1_156' title='bbox 648 2505 769 2566; x_wconf 88' lang='lat' dir='ltr'><strong>certum</strong></span> <span class='ocrx_word' id='word_1_157' title='bbox 783 2505 842 2578; x_wconf 92' lang='lat' dir='ltr'><strong>est,</strong></span> <span class='ocrx_word' id='word_1_158' title='bbox 857 2501 1006 2584; x_wconf 87' lang='lat' dir='ltr'><strong>quoniam</strong></span> <span class='ocrx_word' id='word_1_159' title='bbox 1020 2501 1109 2567; x_wconf 86' lang='lat' dir='ltr'><strong>Rom</strong></span> <span class='ocrx_word' id='word_1_160' title='bbox 1124 2502 1181 2580; x_wconf 88' lang='grc' dir='ltr'><strong>ΠΙ,</strong></span> <span class='ocrx_word' id='word_1_161' title='bbox 1193 2503 1280 2580; x_wconf 80' lang='lat' dir='ltr'><strong>VIII,</strong></span> 
     </span>
     <span class='ocr_line' id='line_1_21' title="bbox 201 2605 1280 2692; baseline 0.004 -21"><span class='ocrx_word' id='word_1_162' title='bbox 201 2605 277 2671; x_wconf 86' lang='lat' dir='ltr'><strong>XIV</strong></span> <span class='ocrx_word' id='word_1_163' title='bbox 300 2605 435 2671; x_wconf 88' lang='lat' dir='ltr'><strong>adeum</strong></span> <span class='ocrx_word' id='word_1_164' title='bbox 461 2611 622 2690; x_wconf 87' lang='lat' dir='ltr'><strong>prouocat.</strong></span> <span class='ocrx_word' id='word_1_165' title='bbox 677 2608 770 2692; x_wconf 87' lang='lat' dir='ltr'><strong>plura</strong></span> <span class='ocrx_word' id='word_1_166' title='bbox 796 2610 904 2671; x_wconf 84' lang='lat' dir='ltr'><strong>autem</strong></span> <span class='ocrx_word' id='word_1_167' title='bbox 932 2607 965 2671; x_wconf 95' lang='lat' dir='ltr'><strong>in</strong></span> <span class='ocrx_word' id='word_1_168' title='bbox 987 2607 1068 2673; x_wconf 88' lang='lat' dir='ltr'><strong>&#39;uitis</strong></span> <span class='ocrx_word' id='word_1_169' title='bbox 1095 2608 1220 2674; x_wconf 86' lang='lat' dir='ltr'><strong>Romuli</strong></span> <span class='ocrx_word' id='word_1_170' title='bbox 1247 2615 1280 2674; x_wconf 91' lang='lat' dir='ltr'><strong>et</strong></span> 
     </span>
     <span class='ocr_line' id='line_1_22' title="bbox 200 2711 1280 2799; baseline 0.002 -22"><span class='ocrx_word' id='word_1_171' title='bbox 200 2712 323 2777; x_wconf 86' lang='lat' dir='ltr'><strong>Numae</strong></span> <span class='ocrx_word' id='word_1_172' title='bbox 355 2712 397 2777; x_wconf 92' lang='lat' dir='ltr'><strong>ad</strong></span> <span class='ocrx_word' id='word_1_173' title='bbox 425 2732 497 2776; x_wconf 89' lang='lat' dir='ltr'><strong>eum</strong></span> <span class='ocrx_word' id='word_1_174' title='bbox 531 2711 694 2778; x_wconf 86' lang='lat' dir='ltr'><strong>referenda</strong></span> <span class='ocrx_word' id='word_1_175' title='bbox 720 2732 788 2778; x_wconf 86' lang='lat' dir='ltr'><strong>esse</strong></span> <span class='ocrx_word' id='word_1_176' title='bbox 816 2712 1043 2779; x_wconf 85' lang='lat' dir='ltr'><strong>demonstrauit</strong></span> <span class='ocrx_word' id='word_1_177' title='bbox 1063 2714 1180 2799; x_wconf 88' lang='lat' dir='ltr'><strong>Klapp,</strong></span> <span class='ocrx_word' id='word_1_178' title='bbox 1211 2714 1280 2793; x_wconf 91' lang='lat' dir='ltr'><strong>„de</strong></span> 
     </span>
    </p>
   </div>
   <div class='ocr_carea' id='block_1_8' title="bbox 86 2817 1278 2900">
    <p class='ocr_par' dir='ltr' id='par_1_8' title="bbox 86 2817 1278 2900">
     <span class='ocr_line' id='line_1_23' title="bbox 86 2817 1278 2900; baseline 0.005 -18"><span class='ocrx_word' id='word_1_179' title='bbox 86 2890 87 2893; x_wconf 8' lang='grc' dir='ltr'><strong>Ἴ</strong></span> <span class='ocrx_word' id='word_1_180' title='bbox 199 2817 459 2884; x_wconf 86' lang='lat' dir='ltr'><strong>Plutarchearum</strong></span> <span class='ocrx_word' id='word_1_181' title='bbox 477 2818 615 2884; x_wconf 72' lang='lat' dir='ltr'><strong>usuam</strong></span> <span class='ocrx_word' id='word_1_182' title='bbox 629 2818 769 2886; x_wconf 88' lang='lat' dir='ltr'><strong>fontibus</strong></span> <span class='ocrx_word' id='word_1_183' title='bbox 784 2819 1278 2900; x_wconf 78' lang='lat' dir='ltr'><strong>Romanis,“diss.Bonn.1862,</strong></span> 
     </span>
    </p>
   </div>
   <div class='ocr_carea' id='block_1_9' title="bbox 199 2927 1278 3117">
    <p class='ocr_par' dir='ltr' id='par_1_9' title="bbox 199 2927 1278 3117">
     <span class='ocr_line' id='line_1_24' title="bbox 264 2927 624 2990; baseline 0.003 0"><span class='ocrx_word' id='word_1_184' title='bbox 264 2976 271 2990; x_wconf 93' lang='lat'>.</span> <span class='ocrx_word' id='word_1_185' title='bbox 295 2927 325 2990; x_wconf 90' lang='grc'><strong>9.</strong></span> <span class='ocrx_word' id='word_1_186' title='bbox 621 2962 624 2975; x_wconf 78' lang='lat'><em>=</em></span> 
     </span>
     <span class='ocr_line' id='line_1_25' title="bbox 199 2946 1278 3117; baseline 0.003 -21"><span class='ocrx_word' id='word_1_187' title='bbox 199 2946 263 3010; x_wconf 62' lang='lat' dir='ltr'><strong>pag</strong></span> <span class='ocrx_word' id='word_1_188' title='bbox 306 3032 389 3096; x_wconf 88' lang='lat' dir='ltr'><strong>Huic</strong></span> <span class='ocrx_word' id='word_1_189' title='bbox 411 3033 584 3097; x_wconf 88' lang='lat' dir='ltr'><strong>sententiae</strong></span> <span class='ocrx_word' id='word_1_190' title='bbox 607 3031 733 3103; x_wconf 88' lang='lat' dir='ltr'><strong>obstare</strong></span> <span class='ocrx_word' id='word_1_191' title='bbox 754 3033 904 3099; x_wconf 87' lang='lat' dir='ltr'><strong>uidentur</strong></span> <span class='ocrx_word' id='word_1_192' title='bbox 925 3017 1044 3099; x_wconf 67' lang='lat' dir='ltr'><strong>amores</strong></span> <span class='ocrx_word' id='word_1_193' title='bbox 1060 3033 1189 3117; x_wconf 89' lang='lat' dir='ltr'><strong>quidam</strong></span> <span class='ocrx_word' id='word_1_194' title='bbox 1203 3034 1278 3099; x_wconf 91' lang='lat' dir='ltr'><strong>Plu·</strong></span> 
     </span>
    </p>
   </div>
   <div class='ocr_carea' id='block_1_10' title="bbox 196 3137 1278 4477">
    <p class='ocr_par' dir='ltr' id='par_1_10' title="bbox 196 3137 1278 3629">
     <span class='ocr_line' id='line_1_26' title="bbox 199 3137 1278 3225; baseline 0.003 -22"><span class='ocrx_word' id='word_1_195' title='bbox 199 3137 311 3216; x_wconf 83' lang='lat' dir='ltr'><strong>tarchi,</strong></span> <span class='ocrx_word' id='word_1_196' title='bbox 334 3139 389 3222; x_wconf 88' lang='lat' dir='ltr'><strong>qui</strong></span> <span class='ocrx_word' id='word_1_197' title='bbox 411 3158 474 3221; x_wconf 92' lang='lat' dir='ltr'><strong>quo</strong></span> <span class='ocrx_word' id='word_1_198' title='bbox 496 3138 591 3205; x_wconf 92' lang='lat' dir='ltr'><strong>modo</strong></span> <span class='ocrx_word' id='word_1_199' title='bbox 613 3140 674 3205; x_wconf 89' lang='lat' dir='ltr'><strong>orti</strong></span> <span class='ocrx_word' id='word_1_200' title='bbox 696 3140 761 3205; x_wconf 91' lang='lat' dir='ltr'><strong>sint</strong></span> <span class='ocrx_word' id='word_1_201' title='bbox 781 3162 845 3206; x_wconf 91' lang='lat' dir='ltr'><strong>non</strong></span> <span class='ocrx_word' id='word_1_202' title='bbox 865 3160 958 3225; x_wconf 87' lang='lat' dir='ltr'><strong>posse</strong></span> <span class='ocrx_word' id='word_1_203' title='bbox 979 3139 1118 3224; x_wconf 85' lang='lat' dir='ltr'><strong>intellegi</strong></span> <span class='ocrx_word' id='word_1_204' title='bbox 1143 3141 1278 3206; x_wconf 86' lang='lat' dir='ltr'><strong>arbitra-</strong></span> 
     </span>
     <span class='ocr_line' id='line_1_27' title="bbox 198 3242 1278 3323; baseline 0.003 -15"><span class='ocrx_word' id='word_1_205' title='bbox 198 3248 254 3309; x_wconf 87' lang='lat' dir='ltr'><strong>tur</strong></span> <span class='ocrx_word' id='word_1_206' title='bbox 274 3242 308 3308; x_wconf 82' lang='lat'><strong>0.</strong></span> <span class='ocrx_word' id='word_1_207' title='bbox 323 3244 464 3323; x_wconf 82' lang='lat' dir='ltr'><strong>Peterus,</strong></span> <span class='ocrx_word' id='word_1_208' title='bbox 486 3246 546 3311; x_wconf 91' lang='lat' dir='ltr'><strong>nisi</strong></span> <span class='ocrx_word' id='word_1_209' title='bbox 559 3245 763 3311; x_wconf 85' lang='lat' dir='ltr'><strong>Plutarchum</strong></span> <span class='ocrx_word' id='word_1_210' title='bbox 775 3246 902 3312; x_wconf 86' lang='lat' dir='ltr'><strong>Liuium</strong></span> <span class='ocrx_word' id='word_1_211' title='bbox 921 3250 996 3310; x_wconf 82' lang='lat' dir='ltr'><strong>ante</strong></span> <span class='ocrx_word' id='word_1_212' title='bbox 1010 3246 1117 3311; x_wconf 89' lang='lat' dir='ltr'><strong>oculos</strong></span> <span class='ocrx_word' id='word_1_213' title='bbox 1131 3244 1278 3315; x_wconf 73' lang='lat' dir='ltr'><strong>habuisse</strong></span> 
     </span>
     <span class='ocr_line' id='line_1_28' title="bbox 198 3350 1276 3437; baseline 0.003 -22"><span class='ocrx_word' id='word_1_214' title='bbox 198 3370 239 3415; x_wconf 84' lang='lat' dir='ltr'><strong>ao</strong></span> <span class='ocrx_word' id='word_1_215' title='bbox 261 3350 391 3415; x_wconf 84' lang='lat' dir='ltr'><strong>lerritate</strong></span> <span class='ocrx_word' id='word_1_216' title='bbox 414 3356 469 3416; x_wconf 88' lang='lat' dir='ltr'><strong>eut</strong></span> <span class='ocrx_word' id='word_1_217' title='bbox 490 3352 617 3435; x_wconf 82' lang='lat' dir='ltr'><strong>linguae</strong></span> <span class='ocrx_word' id='word_1_218' title='bbox 638 3351 772 3417; x_wconf 87' lang='lat' dir='ltr'><strong>Latinas</strong></span> <span class='ocrx_word' id='word_1_219' title='bbox 792 3352 917 3417; x_wconf 88' lang='lat' dir='ltr'><strong>inscitia</strong></span> <span class='ocrx_word' id='word_1_220' title='bbox 937 3354 1110 3436; x_wconf 85' lang='lat' dir='ltr'><strong>perperam</strong></span> <span class='ocrx_word' id='word_1_221' title='bbox 1123 3353 1276 3437; x_wconf 89' lang='lat' dir='ltr'><strong>interpre-</strong></span> 
     </span>
     <span class='ocr_line' id='line_1_29' title="bbox 198 3457 1276 3543; baseline 0 -20"><span class='ocrx_word' id='word_1_222' title='bbox 198 3462 303 3523; x_wconf 87' lang='lat' dir='ltr'><strong>tatum</strong></span> <span class='ocrx_word' id='word_1_223' title='bbox 324 3477 394 3522; x_wconf 86' lang='lat' dir='ltr'><strong>esse</strong></span> <span class='ocrx_word' id='word_1_224' title='bbox 415 3462 580 3523; x_wconf 84' lang='lat' dir='ltr'><strong>statuatm.</strong></span> <span class='ocrx_word' id='word_1_225' title='bbox 624 3458 710 3542; x_wconf 90' lang='lat' dir='ltr'><strong>ipsos</strong></span> <span class='ocrx_word' id='word_1_226' title='bbox 731 3457 892 3523; x_wconf 78' lang='lat' dir='ltr'><strong>Plutarchi</strong></span> <span class='ocrx_word' id='word_1_227' title='bbox 913 3462 947 3525; x_wconf 88' lang='lat' dir='ltr'><strong>et</strong></span> <span class='ocrx_word' id='word_1_228' title='bbox 967 3458 1054 3523; x_wconf 83' lang='lat' dir='ltr'><strong>Iiuii</strong></span> <span class='ocrx_word' id='word_1_229' title='bbox 1072 3458 1157 3525; x_wconf 89' lang='lat' dir='ltr'><strong>locos</strong></span> <span class='ocrx_word' id='word_1_230' title='bbox 1179 3480 1276 3543; x_wconf 92' lang='lat' dir='ltr'><strong>appo·</strong></span> 
     </span>
     <span class='ocr_line' id='line_1_30' title="bbox 196 3582 325 3629; baseline -0.016 0"><span class='ocrx_word' id='word_1_231' title='bbox 196 3582 325 3629; x_wconf 86' lang='lat' dir='ltr'><strong>nemus:</strong></span> 
     </span>
    </p>

    <p class='ocr_par' dir='ltr' id='par_1_11' title="bbox 196 3667 1276 4477">
     <span class='ocr_line' id='line_1_31' title="bbox 196 3667 1276 3759; baseline 0.002 -24"><span class='ocrx_word' id='word_1_232' title='bbox 196 3669 247 3735; x_wconf 92' lang='lat' dir='ltr'><strong>Pl.</strong></span> <span class='ocrx_word' id='word_1_233' title='bbox 269 3668 309 3735; x_wconf 90' lang='grc' dir='ltr'><strong>Π.</strong></span> <span class='ocrx_word' id='word_1_234' title='bbox 327 3670 387 3733; x_wconf 84' lang='lat'><strong>13:</strong></span> <span class='ocrx_word' id='word_1_235' title='bbox 413 3668 569 3759; x_wconf 73' lang='grc' dir='ltr'><strong>(ἐλέχθη)</strong></span> <span class='ocrx_word' id='word_1_236' title='bbox 586 3672 643 3739; x_wconf 81' lang='grc' dir='ltr'><strong>τοῦ</strong></span> <span class='ocrx_word' id='word_1_237' title='bbox 659 3667 725 3737; x_wconf 67' lang='lat' dir='ltr'><strong>dv‘·</strong></span> <span class='ocrx_word' id='word_1_238' title='bbox 754 3670 823 3735; x_wconf 87' lang='lat' dir='ltr'><strong>Liu.</strong></span> <span class='ocrx_word' id='word_1_239' title='bbox 837 3670 939 3749; x_wconf 86' lang='lat' dir='ltr'><strong>XXII,</strong></span> <span class='ocrx_word' id='word_1_240' title='bbox 955 3671 986 3749; x_wconf 90' lang='lat'><strong>1,</strong></span> <span class='ocrx_word' id='word_1_241' title='bbox 1002 3671 1060 3736; x_wconf 76' lang='lat'><strong>11:</strong></span> <span class='ocrx_word' id='word_1_242' title='bbox 1080 3673 1276 3758; x_wconf 85' lang='lat' dir='ltr'><strong>(nuntiatum</strong></span> 
     </span>
     <span class='ocr_line' id='line_1_32' title="bbox 198 3772 1275 3865; baseline 0.002 -23"><span class='ocrx_word' id='word_1_243' title='bbox 198 3772 262 3862; x_wconf 74' lang='grc' dir='ltr'><strong>πὲρ</strong></span> <span class='ocrx_word' id='word_1_244' title='bbox 287 3776 466 3860; x_wconf 78' lang='grc' dir='ltr'><strong><em>Φαλερίους</em></strong></span> <span class='ocrx_word' id='word_1_245' title='bbox 503 3774 643 3863; x_wconf 77' lang='grc' dir='ltr'><strong><em>οὐρανοῦ</em></strong></span> <span class='ocrx_word' id='word_1_246' title='bbox 670 3773 724 3865; x_wconf 80' lang='grc' dir='ltr'><strong>ῥα·</strong></span> <span class='ocrx_word' id='word_1_247' title='bbox 755 3777 818 3862; x_wconf 86' lang='lat' dir='ltr'><strong>est)</strong></span> <span class='ocrx_word' id='word_1_248' title='bbox 840 3776 971 3841; x_wconf 84' lang='lat' dir='ltr'><strong>Faleriis</strong></span> <span class='ocrx_word' id='word_1_249' title='bbox 991 3776 1112 3841; x_wconf 88' lang='lat' dir='ltr'><strong>caelum</strong></span> <span class='ocrx_word' id='word_1_250' title='bbox 1127 3776 1205 3843; x_wconf 89' lang='lat' dir='ltr'><strong>findi</strong></span> <span class='ocrx_word' id='word_1_251' title='bbox 1219 3800 1275 3844; x_wconf 90' lang='lat' dir='ltr'><strong>ue·</strong></span> 
     </span>
     <span class='ocr_line' id='line_1_33' title="bbox 197 3878 1274 3971; baseline 0.004 -25"><span class='ocrx_word' id='word_1_252' title='bbox 197 3884 292 3971; x_wconf 76' lang='grc' dir='ltr'><strong><em>γῆααι</em></strong></span> <span class='ocrx_word' id='word_1_253' title='bbox 315 3878 463 3963; x_wconf 72' lang='grc' dir='ltr'><strong><em>δόξαντος</em></strong></span> <span class='ocrx_word' id='word_1_254' title='bbox 491 3879 655 3949; x_wconf 64' lang='grc' dir='ltr'><strong><em>ἐκπίπτων</em></strong></span> <span class='ocrx_word' id='word_1_255' title='bbox 674 3882 728 3949; x_wconf 85' lang='grc' dir='ltr'><strong>καὶ</strong></span> <span class='ocrx_word' id='word_1_256' title='bbox 755 3882 805 3946; x_wconf 91' lang='lat' dir='ltr'><strong>lut</strong></span> <span class='ocrx_word' id='word_1_257' title='bbox 824 3902 938 3965; x_wconf 82' lang='lat' dir='ltr'><strong>magno</strong></span> <span class='ocrx_word' id='word_1_258' title='bbox 955 3881 1045 3947; x_wconf 91' lang='lat' dir='ltr'><strong>hiatu</strong></span> <span class='ocrx_word' id='word_1_259' title='bbox 1058 3882 1170 3961; x_wconf 90' lang='lat' dir='ltr'><strong>uisum,</strong></span> <span class='ocrx_word' id='word_1_260' title='bbox 1195 3905 1274 3968; x_wconf 75' lang='lat' dir='ltr'><strong>qua</strong></span> 
     </span>
     <span class='ocr_line' id='line_1_34' title="bbox 198 3985 1274 4075; baseline 0.001 -21"><span class='ocrx_word' id='word_1_261' title='bbox 198 3989 447 4073; x_wconf 74' lang='grc' dir='ltr'><strong><em>διααπείρεσθαι</em></strong></span> <span class='ocrx_word' id='word_1_262' title='bbox 461 3985 568 4055; x_wconf 77' lang='grc' dir='ltr'><strong><em>πολλὰ</em></strong></span> <span class='ocrx_word' id='word_1_263' title='bbox 581 4010 726 4075; x_wconf 68' lang='lat' dir='ltr'><strong>reappa-</strong></span> <span class='ocrx_word' id='word_1_264' title='bbox 758 4008 819 4072; x_wconf 91' lang='lat' dir='ltr'><strong>que</strong></span> <span class='ocrx_word' id='word_1_265' title='bbox 832 3988 974 4073; x_wconf 88' lang='lat' dir='ltr'><strong>patuerit</strong></span> <span class='ocrx_word' id='word_1_266' title='bbox 986 3988 1095 4071; x_wconf 84' lang='lat' dir='ltr'><strong>ingens</strong></span> <span class='ocrx_word' id='word_1_267' title='bbox 1110 3989 1216 4054; x_wconf 89' lang='lat' dir='ltr'><strong>lumen</strong></span> <span class='ocrx_word' id='word_1_268' title='bbox 1226 3990 1274 4055; x_wconf 82' lang='lat' dir='ltr'><strong>ai·</strong></span> 
     </span>
     <span class='ocr_line' id='line_1_35' title="bbox 198 4090 1274 4179; baseline 0.002 -19"><span class='ocrx_word' id='word_1_269' title='bbox 198 4100 267 4160; x_wconf 79' lang='grc' dir='ltr'><strong><em>τεϊα</em></strong></span> <span class='ocrx_word' id='word_1_270' title='bbox 296 4092 349 4159; x_wconf 79' lang='grc' dir='ltr'><strong>καὶ</strong></span> <span class='ocrx_word' id='word_1_271' title='bbox 382 4090 501 4159; x_wconf 76' lang='grc' dir='ltr'>τούτων</span> <span class='ocrx_word' id='word_1_272' title='bbox 536 4091 572 4161; x_wconf 75' lang='grc' dir='ltr'><strong>ἐν</strong></span> <span class='ocrx_word' id='word_1_273' title='bbox 601 4093 649 4160; x_wconf 74' lang='grc' dir='ltr'><strong>ἑνὶ</strong></span> <span class='ocrx_word' id='word_1_274' title='bbox 677 4116 727 4178; x_wconf 80' lang='lat' dir='ltr'><strong>ys·</strong></span> <span class='ocrx_word' id='word_1_275' title='bbox 755 4094 887 4171; x_wconf 84' lang='lat' dir='ltr'><strong>fulsisse,</strong></span> <span class='ocrx_word' id='word_1_276' title='bbox 911 4098 1012 4158; x_wconf 88' lang='lat' dir='ltr'><strong>sortes</strong></span> <span class='ocrx_word' id='word_1_277' title='bbox 1026 4110 1086 4159; x_wconf 83' lang='lat' dir='ltr'><strong>sua</strong></span> <span class='ocrx_word' id='word_1_278' title='bbox 1099 4101 1210 4179; x_wconf 90' lang='lat' dir='ltr'><strong>sponte</strong></span> <span class='ocrx_word' id='word_1_279' title='bbox 1224 4101 1274 4162; x_wconf 87' lang='lat' dir='ltr'><strong>at-</strong></span> 
     </span>
     <span class='ocr_line' id='line_1_36' title="bbox 199 4197 1275 4290; baseline 0.003 -26"><span class='ocrx_word' id='word_1_280' title='bbox 199 4202 382 4283; x_wconf 78' lang='grc' dir='ltr'><strong><em>γραμμίνοα</em></strong></span> <span class='ocrx_word' id='word_1_281' title='bbox 445 4201 585 4290; x_wconf 79' lang='grc' dir='ltr'><strong><em>φανῆναι</em></strong></span> <span class='ocrx_word' id='word_1_282' title='bbox 650 4197 729 4275; x_wconf 71' lang='grc' dir='ltr'><strong><em>κατὰ,</em></strong></span> <span class='ocrx_word' id='word_1_283' title='bbox 756 4205 901 4265; x_wconf 80' lang='lat' dir='ltr'><strong>tenuates</strong></span> <span class='ocrx_word' id='word_1_284' title='bbox 933 4220 1092 4281; x_wconf 85' lang='lat' dir='ltr'><strong>unamque</strong></span> <span class='ocrx_word' id='word_1_285' title='bbox 1125 4199 1275 4267; x_wconf 73' lang='lat' dir='ltr'><strong>erudisse</strong></span> 
     </span>
     <span class='ocr_line' id='line_1_37' title="bbox 199 4298 1273 4392; baseline 0.002 -23"><span class='ocrx_word' id='word_1_286' title='bbox 199 4305 301 4385; x_wconf 69' lang='grc' dir='ltr'><strong>λε’ξινε</strong></span> <span class='ocrx_word' id='word_1_287' title='bbox 337 4298 426 4392; x_wconf 67' lang='grc' dir='ltr'><strong>Ἄρης</strong></span> <span class='ocrx_word' id='word_1_288' title='bbox 445 4301 483 4371; x_wconf 83' lang='grc' dir='ltr'><strong>τὰ</strong></span> <span class='ocrx_word' id='word_1_289' title='bbox 504 4306 619 4373; x_wconf 70' lang='grc' dir='ltr'><strong><em>ἑαυτοῦ</em></strong></span> <span class='ocrx_word' id='word_1_290' title='bbox 642 4302 729 4373; x_wconf 82' lang='grc' dir='ltr'><strong><em>ὅπλα</em></strong></span> <span class='ocrx_word' id='word_1_291' title='bbox 756 4306 804 4370; x_wconf 84' lang='lat' dir='ltr'><strong>ita</strong></span> <span class='ocrx_word' id='word_1_292' title='bbox 825 4305 988 4388; x_wconf 72' lang='lat' dir='ltr'><strong>scriptam</strong></span> <span class='ocrx_word' id='word_1_293' title='bbox 1022 4302 1147 4369; x_wconf 84' lang='lat' dir='ltr'><strong>Mauors</strong></span> <span class='ocrx_word' id='word_1_294' title='bbox 1175 4305 1273 4372; x_wconf 90' lang='lat' dir='ltr'><strong>telum</strong></span> 
     </span>
     <span class='ocr_line' id='line_1_38' title="bbox 199 4406 1016 4477; baseline -0.001 -3"><span class='ocrx_word' id='word_1_295' title='bbox 199 4406 334 4477; x_wconf 73' lang='lat' dir='ltr'><strong>salerius.</strong></span> <span class='ocrx_word' id='word_1_296' title='bbox 499 4428 504 4433; x_wconf 86' lang='lat'>·</span> <span class='ocrx_word' id='word_1_297' title='bbox 758 4431 849 4474; x_wconf 91' lang='lat' dir='ltr'><strong>suum</strong></span> <span class='ocrx_word' id='word_1_298' title='bbox 871 4410 1016 4474; x_wconf 86' lang='lat' dir='ltr'><strong>concutit.</strong></span> 
     </span>
    </p>
   </div>
   <div class='ocr_carea' id='block_1_11' title="bbox 0 0 1480 4900">
    <p class='ocr_par' dir='ltr' id='par_1_12' title="bbox 0 0 1480 4900">
     <span class='ocr_line' id='line_1_39' title="bbox 0 0 1480 4900; baseline 0 2"><span class='ocrx_word' id='word_1_299' title='bbox 0 0 1480 4900; x_wconf 95' lang='lat' dir='ltr'><strong> </strong></span> 
     </span>
    </p>
   </div>
  </div>
 </body>
</html>
