2950 4900
624 377 843 442 ..47..

195 590 341 670 tarchum
354 607 357 614 ’
369 589 522 674 omnes*)
548 611 612 656 non
632 596 688 656 est
715 611 772 656 our
792 611 949 675 negemus,
972 592 1120 676 quoniam
1142 593 1272 677 saepius

195 696 240 762 ad
270 697 396 763 eosdem
426 697 620 780 prouocauit.
669 696 801 762 dubium
830 703 956 762 tantum
977 697 1077 763 uideri
1098 693 1204 782 potest
1227 699 1270 764 ad

196 801 292 888 quod'
324 802 471 888 Caesaris
506 802 640 886 Augusti
682 804 833 887 seriptum
872 805 1052 888 respexerit.
1117 799 1202 869 nam
1237 805 1271 870 in

195 909 425 974 commentariis
453 928 531 991 quos
559 907 598 972 de
627 908 695 972 uita
723 930 781 973 sua
805 909 931 993 scripsit
958 909 1116 994 Augustus
1146 911 1187 975 de
1220 912 1270 978 his

192 1015 290 1080 rebus
318 1021 428 1094 actum
449 1033 518 1088 asse
546 1014 676 1098 cogitari
705 1015 760 1080 uix
781 1020 894 1098 potest.
939 1015 994 1080 sed
1015 1022 1100 1081 recte
1121 1023 1270 1101 putamus

193 1121 385 1188 Haemonium
415 1141 486 1205 pag.
510 1123 576 1186 124
598 1122 745 1187 statuisse
775 1122 979 1188 Plutarchum
1010 1123 1183 1187 orationem
1218 1124 1268 1188 fu-

194 1227 333 1306 nebrem,
363 1247 458 1311 quam
485 1226 644 1310 Augustus
670 1233 745 1311 post
770 1220 1124 1293 mortem'lmmaturam
1146 1227 1268 1294 Claudii

193 1333 341 1400 Marcelli
357 1335 399 1398 22
422 1331 545 1398 adm.
560 1355 598 1434 Ιη.
621 1333 732 1399 habuit
751 1339 785 1398 et
799 1355 894 1417 quam
914 1334 948 1398 in
969 1333 1129 1417 publicum
1151 1333 1268 1400 editam

193 1461 264 1506 esse
294 1439 362 1505 ueri
394 1437 495 1504 simile
525 1443 583 1516 est,
615 1443 689 1503 ante
720 1438 827 1506 oculos
847 1439 1027 1505 habuisse³
1056 1441 1090 1504 in
1118 1461 1158 1504 ea
1183 1441 1267 1505 enim

191 1548 297 1632 prisca
328 1545 546 1616 Marcellorum
577 1546 677 1628 gentis
699 1545 814 1612 decora
845 1545 881 1610 in'
906 1546 1088 1610 memoriam
1118 1546 1267 1612 reuocata

192 1657 262 1718 esse
298 1651 390 1717 facile
420 1651 622 1734 intellegitur.
657 1689 698 1700 -
732 1655 896 1735 praeterea
927 1651 1052 1734 saepius·
1071 1653 1105 1715 in
1132 1658 1265 1735 utraque

192 1761 262 1825 uita
294 1741 442 1824 ltudator
463 1752 668 1826 Posidonius.
724 1779 762 1823 eo
798 1759 881 1823 enim
915 1764 1041 1823 auctore
1079 1757 1265 1822 Plutarchus

192 1865 286 1953 (Feb.
304 1865 391 1930 Max.
415 1865 491 1930 XIX
513 1870 546 1930 et
566 1865 663 1930 Maro.
685 1865 748 1950 IX)
775 1862 873 1930 ¹tradit
901 1851 1001 1931 tatio
1016 1863 1166 1930 ‘Maximo
1188 1865 1268 1930 scuti
1291 1910 1295 1923 .

191 1971 342 2038 Maoello
365 1971 465 2054 'gladii
487 1991 600 2036 nomeu
622 1993 642 2036 a
663 1971 814 2036 Romanis
835 1953 999 2038 tributum
1011 1991 1079 2037 esse
1101 1966 1143 2036 et*
1156 1972 1265 2057 (Maro.

190 2079 222 2164 Ι)
244 2078 368 2144 disserit
390 2077 429 2147 de
452 2079 578 2142 nomine
598 2078 825 2142 Marcellorum.
857 2099 897 2143 ex
917 2078 1028 2143 eodem
1050 2077 1141 2143 affert
1156 2079 1266 2164 (Marc.

191 2185 268 2270 XX)
289 2184 741 2267 nmmtimculamqumdcm
763 2184 806 2248 ad
820 2184 937 2249 bollum
959 2183 1098 2253 Siculum
1120 2189 1266 2268 spectan-

190 2296 257 2356 tem
279 2297 312 2356 et
333 2291 444 2378 (Maru
467 2287 572 2376 XXX)
596 2287 797 2374 epigramma.
819 2291 903 2374 quod
926 2296 1050 2356 statuae
1071 2291 1212 2355 Marcelli
1226 2290 1266 2355 in

189 2399 309 2482 templo
341 2397 510 2463 Minenraa
530 2395 615 2481 apud
647 2395 783 2466 Lindum
814 2398 934 2483 positae
967 2393 1153 2481 inscriptum
1179 2401 1264 2461 orsu
1293 2470 1297 2485 1

191 2526 297 2589 nequo
322 2506 414 2589 plura
442 2504 481 2570 sx'
498 2505 662 2589 eovpotita
685 2503 753 2569 ess'e
768 2503 842 2569 'ueri
864 2500 963 2570 simile
986 2497 1044 2582 est,
1068 2506 1144 2588 quia
1165 2505 1266 2569 incer·

178 2618 260 2675 tum
283 2617 332 2676 est
351 2632 426 2675 num
447 2611 540 2695 plura
562 2610 778 2675 inPosidonii
799 2610 932 2676 historia
959 2611 1085 2689 iruerint,
1115 2631 1196 2693 quae
1224 2608 1266 2675 ad

113 2742 121 2755 ·
190 2716 267 2783 belli
304 2716 502 2782 Hannibalici
540 2723 683 2801 tempora
716 2717 918 2801 pertinerent.
964 2717 1158 2783 continuauit
1182 2708 1265 2782 enim

190 2822 376 2889 Posidonius
405 2823 578 2889 Romanam
599 2820 724 2909 Polybii
743 2824 906 2890 historiam
928 2830 1023 2908 atque
1043 2824 1100 2887 illa
1121 2823 1211 2910 quasi
1231 2823 1265 2887 in

189 2931 327 2994 transitu
360 2931 500 3013 attigisse
533 2930 666 3002 uidetur.
723 2931 874 3015 peculiari
890 2937 1014 2996 antem
1046 2931 1161 3013 scripto
1193 2950 1265 2993 eum

191 3036 291 3101 uitam
313 3035 454 3101 Marcelli
476 3032 662 3114 censuisse,
685 3037 768 3123 quod
784 3037 964 3101 dubitanter
985 3037 1163 3119 suspicatur
1182 3036 1264 3101 Mill-

190 3142 276 3205 lorus
319 3141 428 3225 fragm.
462 3140 548 3208 hist.
564 3142 673 3208 Graec
711 3142 759 3207 III
793 3162 863 3226 pag.
898 3142 982 3219 252,-
1029 3163 1069 3207 ex
1100 3144 1173 3207 solis
1203 3143 1265 3207 illis

190 3248 373 3331 fragmentis
402 3249 471 3313 elici
498 3270 562 3314 non
588 3256 701 3333 potest.
735 3285 777 3297 --
815 3250 1027 3318 laudationem
1059 3268 1135 3314 uero
1175 3248 1265 3315 Fabii

191 3353 331 3431 Maximi,
360 3356 447 3421 cuius
473 3354 590 3425 mentio
616 3357 653 3421 fit
673 3354 749 3421 Fab.
775 3356 860 3421 Max.
880 3356 912 3432 13
934 3356 1048 3434 XXIV,
1064 3356 1167 3440 ipsum
1189 3356 1264 3421 Plu-

191 3459 336 3525 tarchum
358 3484 421 3529 non
444 3463 564 3545 legisse,
588 3462 704 3530 sedda
727 3482 766 3527 ea
786 3482 826 3525 ex
849 3462 910 3527 alio
933 3463 1085 3546 scriptore
1107 3463 1264 3527 rettulisse

191 3572 324 3649 apparet
347 3588 386 3631 ex
409 3588 462 3647 eo,
486 3568 569 3656 quod
591 3569 630 3633 de
653 3567 775 3633 dicendi
790 3568 912 3632 ratione
926 3568 1016 3633 Fabii
1031 3568 1184 3633 disserens
1206 3567 1263 3632 ad-
1282 3488 1372 3675 M

191 3670 273 3737 didit
293 3671 424 3739 uerbum
447 3676 632 3759 ,λέγουσιν’
656 3670 746 3761 (Fau.
769 3673 853 3738 Max.
878 3673 904 3750 I,
928 3673 994 3758 35).
1316 3663 1321 3674 ’

469 3788 602 3817 §un-§⁸-

297 3977 321 4041 ·)
340 3978 396 4029 Hoc
414 3976 493 4029 Iubae
510 3978 674 4029 testimouium
692 3991 752 4029 uere
771 3974 950 4049 ἀρχαιολογίςι
965 3974 1089 4048 deputas}
1105 3976 1263 4029 tribuendum

191 4069 236 4118 est
272 4081 356 4118 omnes
379 4068 445 4117 enim
466 4065 533 4116 locos
556 4082 571 4117 a
593 4064 729 4118 Plutarcho
753 4080 785 4115 ex
807 4063 871 4115 Iuba
890 4063 978 4116 allatos
995 4075 1095 4131 praeter
1112 4069 1222 4117 nostrum
1240 4067 1264 4115 et

191 4153 253 4207 Sall.
278 4154 352 4216 XV13
377 4154 439 4207 Sert.
463 4155 502 4206 IX
525 4169 574 4205 non
593 4155 626 4205 ad
643 4154 770 4205 historiam
789 4155 851 4214 eius,
869 4169 935 4221 quae
953 4157 1105 4220 praecipuus
1121 4154 1179 4206 fons
1197 4156 1263 4206 uita-
1379 4219 1380 4222 Ἴ

189 4260 245 4295 rum
272 4246 438 4295 Romanarum
463 4243 591 4314 Plutarchi
618 4242 696 4309 arrigo
715 4241 903 4294 existimabatur
922 4242 965 4308 (of.
988 4244 1096 4294 Heeren
1114 4258 1172 4309 pag.
1193 4242 1263 4305 144),

189 4332 235 4383 sod
253 4333 286 4383 ad
309 4330 462 4403 ὁμοιότητας
476 4332 621 4383 referendos
644 4348 697 4383 esse
717 4333 877 4383 conuiccrunt
894 4332 983 4398 Klapp.
1003 4335 1029 4384 in
1049 4332 1106 4383 diss.
1126 4331 1142 4383 l.
1159 4346 1217 4398 pag.
1237 4332 1263 4390 4,

189 4440 226 4489 sq.
250 4425 275 4473 et
286 4422 337 4473 Leo
357 4420 408 4481 „de
426 4420 556 4473 Plutarchi
574 4426 668 4487 quaest
687 4420 947 4482 Rom.1euotoribus‚“
970 4420 1042 4472 Halis
1063 4419 1139 4479 1864,
1150 4434 1208 4483 pag.
1221 4420 1261 4472 18.

1224 4540 1328 4573 A
