2950 4900
654 333 874 427 ..21-

219 564 762 658 illammachiuatumesssexpcnit.
773 571 1015 656 deniquesaltus
1024 571 1169 640 custodes
1177 574 1300 658 ignibus

221 679 398 761 conspectis
426 701 489 745 nou
516 680 607 764 quasi
628 681 780 748 miraculo
801 680 954 748 attonitos
975 701 1014 746 ao
1035 701 1075 746 ne
1096 680 1300 746 circumueni-

220 789 333 850 mntur
358 785 484 868 ueritus,
512 785 568 852 sed
588 806 646 870 per
668 791 791 852 montes
813 806 980 852 erasmum
1002 770 1071 852 esse
1091 785 1299 852 limuibalem

220 894 311 958 ratos
335 890 441 956 fauces
468 887 641 980 reliquisse,
669 896 706 956 ut
734 891 861 958 obuiam
888 892 918 956 ei
948 892 1041 969 irent,
1064 891 1211 975 Polybius
1232 896 1299 958 tra·

221 992 280 1060 dir
303 1031 345 1044 —·
367 997 400 1062 in
421 996 504 1062 Liuii
526 1003 632 1064 autam
653 997 833 1064 narratione
854 994 1053 1063 hauddubie
1070 996 1208 1080 plurium
1228 997 1299 1064 ion·

202 1099 303 1166 'trium
332 1100 448 1168 iudicia
479 1103 639 1190 mrdtaque
674 1103 809 1170 obscura
840 1123 909 1169 esse
936 1121 974 1168 ac
994 1123 1136 1186 pugnare
1157 1104 1241 1170 iuter
1264 1124 1299 1170 se
1388 1146 1397 1158 2

221 1213 308 1274 recte
339 1207 500 1275 contendit
533 1208 566 1274 Ο.
599 1209 731 1274 Poteras
761 1230 833 1292 pag.
866 1207 1007 1275 35-39.
1040 1209 1154 1292 quodsi
1181 1231 1298 1288 eorum,

221 1335 305 1398 quse
326 1315 360 1382 in
380 1315 514 1380 Liuiana
533 1315 712 1382 narratione
734 1315 818 1380 inter
845 1335 879 1380 se
906 1319 1050 1399 pugnant
1071 1321 1105 1382 et
1126 1337 1145 1382 e
1167 1315 1298 1384 diuersis

219 1420 361 1486 fontibus
388 1421 569 1488 intermixta
596 1442 665 1488 esse
691 1422 760 1486 ueri
786 1422 962 1488 similet
914 1427 972 1499 est,
999 1421 1078 1487 nihil
1111 1423 1298 1490 Plutarchus

220 1527 359 1606 exhibet,
387 1549 469 1612 quae
496 1532 603 1595 autem
630 1528 764 1596 obscura
790 1533 864 1594 suut
890 1527 975 1612 apud
995 1528 1166 1594 niuium
1142 1551 1169 1594 sr
1196 1530 1297 1596 minus

219 1639 317 1712 recte,
340 1639 375 1699 at
396 1634 479 1700 clare
500 1636 651 1713 narrauit,
673 1636 736 1702 aha
757 1635 883 1703 uberius
901 1635 1045 1718 exposuit
1051 1681 1060 1712 ,
1031 1635 1145 1701 talia
1166 1635 1297 1714 addidit,

220 1741 355 1824 cogitari
367 1761 432 1806 non
446 1746 552 1824 potest
566 1761 605 1806 ea
619 1761 700 1826 quae
715 1763 787 1807 cum
807 1741 898 1807 Liuio
920 1741 1083 1806 concinere
1103 1740 1238 1807 uidimus
1259 1755 1316 1808 ex*

220 1866 261 1912 eo
288 1844 422 1912 fluxisse.
466 1868 629 1914 numerum
656 1849 740 1914 euim
767 1869 876 1914 eorum
904 1849 959 1932 qui
981 1848 1097 1914 saltum
1125 1869 1300 1932 occupaue-

219 1957 305 2030 rant,
328 1950 367 2016 de
389 1975 452 2036 quo
473 1954 661 2020 Plutarchus
693 1976 765 2020 oum
786 1954 916 2039 Polybio
937 1953 1102 2031 consentit,
1125 1975 1189 2018 non
1209 1954 1298 2020 inue-

218 2059 271 2124 nis
285 2058 369 2143 apud
383 2059 520 2126 Liuium.
543 2044 673 2128 uberius
691 2060 841 2128 describit
854 2059 1040 2151 Plutarphus
1060 2065 1207 2126 naturum
1228 2061 1298 2139 loci,

78 2161 108 2244 ’,
219 2181 286 2250 quo
308 2165 466 2232 Hannibal
488 2165 625 2232 inclusus
647 2167 743 2233 firisso
764 2167 886 2233 dicitrrn
930 2167 1029 2232 saltus
1056 2167 1215 2246 cmtodes,
1244 2167 1298 2252 qui

218 2269 256 2336 in
277 2269 382 2352 fugam
401 2292 469 2338 sese
483 2278 714 2351 conuertermrt,
731 2295 795 2356 quo
809 2273 945 2357 fugerint
959 2293 978 2337 e
991 2272 1084 2339 Liuio
1106 2295 1170 2340 non
1185 2274 1297 2352 elucet,

219 2377 391 2444 Plutarcho
414 2385 541 2446 auctore
563 2400 632 2446 sese
653 2380 808 2465 recipiunt
828 2381 862 2445 iu
884 2385 988 2450 castra
1009 2379 1108 2446 Fabii.
1143 2401 1206 2465 quo
1227 2379 1297 2446 loco

220 2484 339 2550 Fabius
356 2490 458 2551 castra
472 2486 613 2569 posuerit
628 2507 645 2551 e
660 2485 763 2564 Liuio,
780 2487 834 2570 qui
849 2486 972 2570 saepius
994 2507 1016 2551 a
1030 2505 1064 2551 se
1078 2486 1218 2564 dissidet,
1233 2508 1297 2553 non

220 2591 409 2675 perspicitur
441 2592 495 2678 (cf.
525 2590 567 2656 15
589 2593 672 2675 ς.,3,
696 2593 755 2668 11;
791 2592 833 2657 16
856 2597 886 2675 §-
908 2592 941 2670 4,
962 2591 994 2669 b,
1017 2592 1056 2668 83
1090 2591 1132 2657 17
1156 2598 1187 2675 §-
1209 2593 1231 2657 4
1264 2597 1297 2658 et

221 2714 306 2780 quae
328 2697 492 2763 annoteuit
513 2696 741 2763 Weissenborn.
764 2703 798 2763 et
818 2698 921 2763 Peter.
942 2718 1013 2782 pag.
1037 2697 1104 2782 38).
1150 2698 1206 2763 sed
1223 2718 1296 2765 cum

219 2807 331 2869 narrat
354 2801 395 2869 15
417 2808 446 2887 9.
471 2803 510 2867 11
535 2802 668 2886 Fabium
690 2822 708 2867 e
730 2802 889 2869 montibus
916 2804 950 2870 in
972 2804 1183 2870 uiam'eastna
1204 2802 1296 2869 detur·

219 2907 295 2973 lisse
322 2914 441 2991 pugnat
469 2930 540 2975 cum
568 2908 748 2986 Plutarcho,
775 2910 831 2992 qui
856 2910 1053 2978 consentiens
1073 2931 1145 2975 oum
1165 2909 1296 2995 Polybio

219 3012 355 3081 Fabium
374 3016 409 3081 in
430 3016 557 3081 summis
572 3016 730 3081 montibus
745 3016 916 3082 exereitum
936 3017 1104 3085 collocasse
1126 3014 1211 3081 dicit
1245 3016 1296 3082 in-

219 3122 359 3189 uitatum
384 3142 451 3187 esse
479 3120 688 3187 Hannibalem
713 3142 735 3187 a
762 3121 992 3206 Campanorum
1018 3119 1185 3207 equitibus,
1208 3123 1296 3189 errius

218 3225 347 3293 fabulae
375 3247 445 3293 cum
472 3231 583 3310 postea
610 3226 698 3293 nulla
725 3226 881 3293 habeatur
907 3227 988 3293 ratio
1015 3226 1148 3293 aliuio
1170 3248 1211 3295 ex
1232 3222 1296 3294 alid

218 3333 308 3401 fonte
323 3354 394 3399 eam
409 3332 565 3399 nussam
579 3353 648 3399 esse
670 3335 874 3417 suspicamur,
895 3353 953 3399 nec
973 3308 1121 3418 Polybius
1138 3354 1200 3399 nec
1219 3333 1295 3401 Plu·

218 3437 348 3505 tarchus
370 3444 531 3505 memorat
576 3460 596 3505 a
622 3460 656 3507 se
676 3440 761 3524 ipso
759 3437 921 3506 dissidens
945 3437 1079 3521 denique
1105 3438 1214 3504 Liuius
1239 3458 1295 3505 ex·

218 3545 311 3629 ponit
331 3544 371 3609 de
393 3545 562 3611 certamine
583 3546 798 3613 Romanorum
818 3566 837 3611 e
858 3543 1013 3629 praesidio
1039 3564 1234 3627 egressorum
1262 3550 1296 3611 et

218 3649 407 3717 Hannibalis
435 3650 660 3734 expeditorum,
688 3670 822 3733 quorum
849 3655 946 3717 autea
965 3649 1085 3717 nudam
1104 3649 1296 3717 mentionem

217 3752 337 3825 feccrit.
381 3778 419 3823 ac
446 3778 518 3823 cum
545 3763 615 3825 tota
640 3778 746 3825 rerum
766 3756 909 3825 condicio
929 3756 1088 3841 conspiret
1109 3778 1180 3823 oum
1200 3756 1294 3843 Poly·

218 3862 284 3941 bio,
310 3852 494 3946 persuasum
525 3863 616 3931 nobis
634 3870 683 3931 est
702 3864 766 3929 hoo
790 3864 860 3930 looo
881 3865 984 3949 ipsum
1004 3863 1169 3949 Polybium
1188 3862 1292 3946 inspe-

217 3969 304 4037 xisse
330 3969 464 4035 Liuium.
508 3991 582 4037 nam
609 3970 728 4035 iontem
749 3970 933 4053 primarium
953 3969 1050 4035 alium
1071 3968 1217 4035 habuisse
1238 3968 1293 4035 hi·

219 4075 311 4141 uium
333 4080 576 4141 cousentaneum
597 4080 655 4153 est,
679 4074 755 4159 quia
775 4076 946 4160 pariterue
958 4074 1147 4141 Plutarchus
1161 4061 1293 4157 Polybio

217 4180 414 4249 aduersatus
457 4186 568 4247 οοιιιιιι
592 4180 780 4247 Plutarchus
806 4180 886 4247 nihil
911 4180 1011 4247 tradit
1036 4180 1097 4245 uisi
1116 4178 1293 4263 insequemi

217 4286 271 4355 die
304 4287 437 4353 Fabium
468 4288 643 4353 msecutum
673 4285 885 4353 Hannibalem
911 4306 980 4352 esse
1006 4303 1190 4369 repressum
1234 4282 1292 4351 sed

215 4394 348 4477 longum
369 4398 419 4460 est
439 4394 544 4461 onmis
566 4412 647 4478 quae
665 4392 846 4479 disurspam
866 4411 1058 4461 enumerare
1089 4389 1200 4473 iteum
1219 4408 1291 4455 oum
