2950 4900
632 363 853 430 ..28-

210 572 305 638 fidem
327 573 443 640 addere
466 581 498 640 et
526 596 626 664 aeque
648 583 746 665 etque
767 582 863 643 antea
879 575 1082 641 Plutarchum
1103 579 1137 640 et
1157 574 1291 687 Liuium¹

209 700 226 743 e
248 679 348 745 Fabio
368 681 492 749 Pictore
514 684 664 764 hausisse,
685 685 851 770 Polybium
871 705 946 750 uero
968 683 1083 768 inlhac
1103 705 1211 768 pugna
1224 683 1277 747 de-

209 783 375 852 scribenda
397 789 519 873 longius
542 791 582 856 ab
605 812 643 856 eo
665 793 837 857 recessisse.

314 931 401 1008 Quae
434 933 467 997 in
497 935 647 1017 proximis
682 933 837 1023 capitibus
866 930 1054 998 Plutarchus
1084 933 1214 1020 exponit
1240 929 1278 995 de

206 1037 440 1124 perturbatione
461 1039 579 1105 Romae
602 1046 672 1105 orta
698 1039 795 1105 allato
827 1041 937 1105 nuntio
960 1039 1130 1105 Cannensis
1153 1041 1278 1104 calami-
1365 1084 1366 1091 κ

207 1145 283 1208 tatis
322 1151 354 1208 et
393 1144 431 1210 de
460 1148 691 1225 emolumentis,
726 1168 807 1235 quae
834 1124 992 1211 Hanriibal
1020 1167 1037 1210 e
1065 1147 1197 1212 uictoria
1224 1148 1278 1212 illa

207 1251 390 1338 perceperit,
419 1272 477 1316 uec
506 1251 726 1341 discrepante
748 1252 840 1318 Liuio
864 1273 923 1317 nec
939 1252 1113 1335 'singularia
1135 1253 1278 1318 similitu-

207 1354 288 1419 dinis
316 1339 432 1422 indicia
458 1358 627 1446 praebent,
662 1380 680 1424 e
714 1360 828 1446 quibus
860 1359 1003 1423 hausisse
1029 1358 1234 1424 Plutarchum
1261 1382 1278 1424 e

208 1461 299 1527 Liuio
328 1465 573 1530 concludendum
603 1466 652 1531 sit.
703 1467 812 1555 itaque
835 1466 967 1531 eandem
990 1487 1084 1554 quam
1106 1473 1200 1532 antea
1223 1468 1279 1533 ob-

208 1571 401 1636 seruauimus
433 1572 586 1638 rationem
618 1574 700 1660 inter
731 1594 784 1638 eos
812 1573 1003 1638 intercedere
1031 1573 1193 1659 probabile
1222 1580 1277 1639 est.

208 1674 333 1741 Liuium
362 1684 468 1743 autem
495 1678 628 1744 Fabium
655 1679 812 1745 Pictorem
840 1685 999 1745 auctorem
1020 1679 1166 1744 habuisse
1193 1681 1278 1746 haud

208 1781 271 1846 scio
302 1801 343 1846 arr
373 1784 472 1848 conici
494 1785 594 1872 possit
616 1807 655 1850 ex
678 1807 724 1864 eo,
749 1785 832 1873 quod
855 1790 921 1850 tam
943 1791 1087 1850 accurate
1108 1786 1217 1851 Liuius
1240 1788 1279 1852 de

199 1888 306 1960 ¹Fabio
328 1889 451 1954 Pictore
473 1890 576 1974 legato
598 1890 737 1979 Delphos
759 1892 854 1956 misso
875 1897 907 1956 et
922 1889 961 1956 de
975 1913 1124 1980 responso
1146 1893 1279 1959 Romam

208 1995 248 2061 ab
272 2016 309 2060 eo
331 1996 431 2061 relato
453 1997 520 2080 agit
541 1997 656 2084 (XXII,
680 1997 734 2076 573
757 1997 874 2076 XXIII,
898 1998 964 2084 11).
995 1999 1124 2082 insignis
1138 1999 1279 2065 Marcelli

209 2107 241 2166 et
261 2101 353 2167 Fabii
375 2101 505 2167 Maximi
528 2103 719 2191 comparatio
731 2101 764 2190 *)
793 2105 950 2192 exipsius
973 2104 1133 2170 Plutarchi
1154 2107 1279 2190 ingenio

208 2209 357 2274 manauit.
401 2210 665 2285 narratiunculas,
678 2231 754 2274 uero
783 2209 895 2297 quibus
922 2209 1013 2274 Fabii
1039 2211 1217 2276 humanitas
1240 2213 1279 2278 il·

208 2316 360 2390 lustratur
393 2317 474 2402 (cap.
497 2315 572 2402 XX)
607 2317 675 2381 aliis
708 2316 888 2382 auctoribus
917 2338 955 2380 se
973 2316 1085 2420 debere
1108 2319 1174 2402 ipse
1195 2319 1279 2388 indi·

108 2492 142 2517 s
208 2443 279 2488 care
294 2421 420 2489 uidetur
433 2423 552 2489 uerbis:
575 2426 697 2509 λέγεται
719 2423 773 2507 a}
795 2425 892 2491 ταῦτα
905 2420 967 2509 μὲν
989 2421 1046 2492 οὖν
1068 2425 1280 2514 περὶτούτων

209 2532 376 2618 ἱστοροῦσι.
421 2550 521 2615 neque
543 2529 651 2595 Liuius
675 2515 904 2596 ullam'earum
926 2530 1115 2597 mentionem
1137 2533 1220 2599 fecit.

312 2672 412 2740 Paulo
439 2674 561 2757 longius
591 2679 801 2739 commoratur
829 2674 862 2737 iu
889 2672 1093 2737 describenda
1119 2694 1282 2757 expugna-

208 2779 294 2844 tione
317 2778 443 2844 Tarenti
466 2780 731 2867 (XXI—XXIII).
778 2800 815 2843 ac
836 2779 941 2862 plures
957 2800 1029 2843 eum
1049 2778 1109 2843 hoo
1131 2779 1200 2845 loco
1222 2802 1280 2847 au-

209 2892 310 2951 ctores
334 2886 523 2951 consuluisse
543 2891 633 2969 patet
654 2907 693 2949 ex
717 2906 771 2963 eo,
800 2884 885 2968 quod
907 2884 1062 2969 duplicem
1085 2884 1125 2949 de
1151 2886 1282 2951 muliere

210 3014 290 3077 quae
317 2992 475 3057 Bruttium
510 2992 665 3075 quendam
693 2991 735 3057 ad
763 2990 957 3075 prodendam
979 2991 1089 3057 urbem
1110 2994 1282 3076 perlexisse

209 3100 322 3165 dicitur
349 3100 467 3166 famam
495 3099 602 3183 prodit
631 3098 731 3185 (XXI,
760 3099 819 3163 23:
848 3100 946 3164 ταῦτα
972 3095 1034 3181 μὲν
1057 3082 1114 3165 odo
1137 3102 1169 3165 οἱ
1192 3102 1281 3169 πλεῖ·

210 3222 277 3272 droa
298 3201 456 3292 γράφουσι
478 3204 551 3292 περὶ
574 3202 700 3273 τούτων·
725 3203 804 3272 ἔνιοι
828 3201 864 3270 δὲ
884 3230 911 3268 κ.
935 3228 959 3269 τ.
982 3204 1037 3284 t).
1061 3204 1116 3269 sed
1137 3206 1179 3269 ad
1202 3228 1283 3290 quos

209 3318 351 3379 auctores
378 3313 598 3396 prouocauerit
626 3312 781 3395 explorari
808 3332 871 3376 non
898 3315 1018 3394 potest,
1049 3311 1123 3393 quia
1149 3312 1282 3396 Polybio
1368 3305 1369 3350 7

209 3442 272 3486 non
295 3420 462 3502 superstIte
483 3418 627 3503 Appiano
650 3418 767 3505 (Hanu.
783 3417 841 3502 49)
864 3423 896 3481 et
917 3417 1040 3480 Zonara
1062 3417 1140 3503 (IX,
1155 3417 1191 3502 5)
1213 3439 1283 3485 rem

209 3527 308 3610 magis
341 3524 566 3610 attingentibus
601 3546 696 3608 quam
731 3523 958 3609 explicantibus
990 3545 1061 3587 cum
1094 3524 1162 3589 solo
1189 3523 1283 3591 Liuio

208 3759 421 3775 nun-*—

314 3878 339 3946 ’)
362 3879 525 3933 Plutarchum
548 3895 603 3947 cap.
627 3879 693 3933 XIX
709 3896 760 3931 non
780 3881 861 3945 magis
878 3876 975 3931 uerbis:
998 3875 1088 3952 ὥσπερ
1106 3878 1136 3931 ἐν
1151 3882 1206 3934 τοῖς
1219 3880 1282 3953 περὶ

211 3965 293 4023 αὑτοῦ
314 3972 517 4041 γεγραμμένοις
538 3970 636 4041 εἴρηται
659 3984 734 4035 quam
758 3985 812 4035 cap.
835 3967 914 4019 XXII
936 3966 1034 4018 uerbis:
1056 3964 1092 4021 ὠς
1107 3970 1137 4019 ἐν
1154 3968 1283 4037 τοῖςπερὶ

211 4061 311 4111 ἐκείνου
335 4058 484 4128 γέγραπται
503 4058 596 4123 (agitur
618 4061 724 4123 utroque
743 4055 797 4108 loco
821 4057 853 4108 de
871 4054 1004 4119 Marcello)
1023 4070 1073 4106 nou
1090 4060 1216 4107 auctorem
1233 4055 1282 4107 ali-

211 4163 285 4214 quem
307 4148 351 4213 qui
372 4145 524 4211 peculiarem
547 4146 580 4196 de
602 4144 724 4197 Marcello
747 4145 860 4197 libellum
883 4146 1009 4211 scripserit
1030 4143 1146 4203 laudare,
1170 4143 1216 4195 sed
1237 4158 1283 4195 nos

211 4236 242 4285 ad
261 4236 338 4300 ipsius
356 4235 433 4285 uitam
451 4233 568 4285 Marcelli
588 4235 653 4299 (cap.
672 4235 697 4294 13
716 4232 769 4291 IXr
787 4234 863 4298 XXI)
882 4248 1001 4284 reuocare
1018 4234 1045 4283 in
1063 4236 1148 4298 aperto
1167 4238 1211 4284 est
1237 4232 1281 4285 sed

212 4340 244 4374 cx
263 4338 292 4373 eo
311 4322 377 4388 quod
396 4326 421 4375 ln
440 4324 492 4373 uita
510 4320 581 4373 Fabii
599 4324 708 4373 Maximi
726 4322 822 4387 relegat
839 4324 871 4374 ad
880 4325 957 4374 uitam
969 4319 1087 4373 Marcelli
1103 4319 1219 4371 concludi
1226 4324 1283 4386 pot·
1368 4329 1369 4348 ¹

212 4414 248 4460 est
271 4424 326 4461 eum
350 4412 426 4460 uitam
448 4410 565 4462 Marcelli
587 4412 657 4478 prius
680 4415 848 4477 composuisse
870 4427 945 4479 quam
967 4414 1044 4462 uitam
1061 4409 1140 4461 Fabii.
