2950 4900
674 317 896 382 59..

242 535 351 614 neque
383 529 465 596 eeies
486 530 601 596 instrui
622 549 724 614 neque
747 548 836 595 arma
856 526 997 613 expediri
1018 536 1153 611 possent
1174 547 1245 592 esse
1271 547 1349 612 op-

245 657 372 722 pressos
378 660 388 714 ς
410 635 526 702 mullos
547 636 635 702 nulla
656 635 767 701 salutis
789 655 845 719 spe
865 635 984 700 relioua
1004 635 1038 699 in
1059 634 1163 699 laeum
1184 654 1253 700 sese
1267 634 1341 700 im-

244 746 423 826 mergentes
445 741 618 826 gingilibus
645 741 775 806 haustos
796 742 892 817 esse3v
909 761 966 806 sex
992 739 1080 805 milio
1107 741 1201 826 primi
1227 742 1336 825 agmi-

246 853 308 930 nis,
343 851 397 936 qui
427 850 552 917 fortiter
583 849 747 933 eruptione
778 848 864 914 foetu
891 848 1017 913 esultu
1038 848 1221 925 euasissent,
1252 853 1333 930 post

246 977 387 1042 pugnum
414 956 590 1022 Mnherbali
619 975 658 1021 eu
679 953 861 1020 oondioione
898 959 935 1019 nt
968 954 1064 1020 armis
1091 952 1217 1019 truditis
1255 972 1331 1018 oum

247 1063 379 1146 singulis
393 1062 588 1136 uestimentis
603 1061 727 1127 abirent
749 1081 818 1126 sese
839 1060 971 1138 dedisse,
994 1059 1036 1125 ab
1059 1059 1238 1146 Hannibale
1251 1079 1328 1126 nero

246 1168 312 1235 fide
340 1173 436 1253 rupta
467 1169 501 1233 in
536 1166 663 1233 uineula
689 1167 845 1232 oonieelos
870 1186 958 1244 esse;
993 1170 1106 1250 captos
1133 1164 1235 1232 sooios
1261 1164 1329 1231 sine

246 1276 351 1361 prelio
369 1275 516 1342 dimissos
539 1275 623 1340 eines
644 1273 802 1340 Romanos
829 1274 864 1338 in
884 1273 1019 1338 uinculis
1039 1277 1180 1338 retentos
1201 1292 1286 1350 esse;
1307 1293 1329 1336 a

247 1386 397 1467 praetore
430 1381 588 1464 ingentem
629 1385 792 1464 acceptum
819 1399 888 1445 esse
909 1378 1032 1444 cladem
1051 1378 1170 1444 Rornae
1190 1399 1328 1463 pronun-

247 1487 366 1554 tiatum
397 1507 467 1552 esse
490 1485 531 1552 ab
553 1491 687 1569 ueroque
715 1486 762 1550 ibn
783 1490 961 1562 narrantur,
983 1488 1021 1550 ut
1041 1483 1210 1551 uerborum
1242 1484 1328 1550 simi-

248 1592 351 1660 litudo
373 1591 530 1676 quaedam
558 1591 718 1658 obsemari
739 1590 840 1675 possit
874 1590 1043 1673 abilius
1066 1588 1187 1656 Graeca
1208 1589 1330 1676 Polybii

248 1699 350 1766 uerba
370 1705 440 1766 tum
460 1699 574 1764 Latino
597 1719 737 1764 sermone
759 1697 935 1764 reddidisse
955 1702 1025 1762 tum
1045 1696 1163 1762 maiore
1180 1696 1329 1763 ubertate

249 1805 431 1872 distinxisse
454 1806 608 1872 uddeulur.
654 1805 710 1872 sed
730 1804 886 1870 accedunt
907 1825 971 1870 non
992 1823 1105 1888 pauca,
1150 1823 1210 1868 uae
1231 1808 1288 1869 aut
1309 1824 1330 1867 a
1380 1784 1403 1862 l]

248 1912 381 1998 Polybio
402 1918 460 1978 aut
481 1934 501 1978 a
522 1912 614 1978 Liuio
637 1825 1209 1978 solofflffidellm
1229 1910 1327 1994 impe·
1352 1803 1398 2035 l*

245 2024 389 2086 retorem
424 2039 485 2102 quo
499 2017 625 2101 ingenio
648 2018 690 2082 sit
703 2016 903 2082 aduersarius
935 2016 1085 2100 indagare
1107 2020 1141 2081 et
1160 2013 1241 2080 uitia
1262 2016 1329 2080 eius
1368 2003 1403 2102 f

249 2127 286 2192 in
319 2146 410 2190 suum
443 2145 534 2188 usum
566 2128 750 2188 eonuertere
783 2122 908 2200 debere,
936 2143 1019 2206 quae
1046 2121 1226 2206 explanatio
1254 2143 1330 2186 sane
1356 2090 1403 2206 gf

248 2231 379 2315 propria
400 2235 452 2296 est
471 2229 593 2315 Polybii
615 2231 697 2316 (eep.
721 2229 790 2314 81),
812 2229 921 2294 Liuius
942 2249 982 2293 ne
1005 2229 1103 2295 uerbo
1124 2228 1252 2313 quidem
1264 2249 1331 2294 me-
1377 2193 1398 2277 s

249 2341 364 2402 moral
409 2341 519 2400 eontra
539 2335 625 2400 solus
646 2334 755 2400 Liuius
785 2334 917 2419 ’exponit
944 2355 1008 2399 non
1029 2333 1132 2400 minus
1153 2340 1236 2401 tetra
1255 2357 1329 2421 pro-

250 2440 337 2525 digia
368 2464 464 2526 quam
497 2442 602 2508 omina
642 2439 798 2525 quaedam
828 2462 849 2505 a
883 2440 1037 2507 Flaminio
1064 2442 1207 2526 neglecta
1246 2458 1329 2520 esse;

252 2555 374 2617 molum
402 2556 521 2627 terrae,
534 2624 537 2629 .
551 2570 613 2633 quo
642 2549 761 2614 multae
789 2539 901 2614 Italiae
930 2548 1024 2615 urbes
1050 2555 1228 2633 prostratae
1256 2551 1329 2628 sint,

252 2657 381 2721 intentis
412 2657 447 2722 in
479 2676 617 2739 pugnam
650 2656 762 2721 animis
800 2660 947 2720 neutrum
985 2655 1156 2721 exereitum
1182 2657 1330 2735 sensisse3

251 2770 317 2828 trus
339 2762 404 2827 fere
425 2762 518 2827 horas
540 2767 714 2846 pugnatum
723 2760 756 2846 *)
772 2782 857 2838 esse;
879 2782 996 2846 magne
1018 2784 1089 2828 oum
1111 2781 1188 2827 euru
1209 2761 1330 2828 Hanni-
1367 2765 1370 2769 ⁴

252 2869 358 2935 belem
375 2890 487 2953 eorpus
509 2868 656 2933 Flaminii
678 2867 877 2951 quaesiuisse.
907 2888 928 2933 a
949 2867 1045 2933 Celbis
1066 2868 1255 2933 Flaminium
1276 2889 1331 2934 ne·

251 2982 361 3041 catum
391 2996 458 3041 esse
489 2974 636 3060 Polybius
670 2974 865 3057 significauit,
899 2975 1009 3041 Liuius
1042 2974 1167 3059 copiose
1205 2981 1331 3041 enarrat

253 3081 379 3145 nomine
402 3080 547 3147 Jnsubris
578 3080 693 3165 equitis
726 3079 781 3167 qui
803 3081 962 3147 oonsulem
993 3081 1105 3147 lanoea
1137 3080 1329 3159 transfixerit

250 3186 386 3252 adiecto.
431 3206 531 3274 aeque
552 3206 666 3251 nomen
687 3187 852 3270 praetoris,
881 3206 1053 3274 perquem
1075 3187 1237 3253 eulandtm
1255 3208 1329 3272 pro·

253 3293 418 3358 nuntiabrr
439 3292 567 3370 Romae,
593 3292 677 3357 solus
706 3291 816 3378 Limus
838 3291 938 3358 afferb
982 3292 1071 3358 uides
1103 3313 1231 3358 neeesse
1253 3314 1331 3372 esse,

254 3402 291 3463 ul
313 3398 425 3463 sellem
451 3398 583 3463 alterum
611 3403 771 3463 auctorem
799 3397 989 3463 consuluisse
1016 3397 1143 3465 Liuium
1168 3405 1276 3483 putes,
1305 3398 1333 3465 si

254 3504 419 3588 Polybium
446 3504 649 3587 praecipuum
676 3509 836 3569 auctorem
857 3502 963 3569 habes.
1013 3504 1078 3569 iarn
1106 3525 1182 3571 uero
1223 3511 1333 3571 extant
1388 3477 1403 3521 ²

252 3610 340 3693 apud
363 3609 488 3673 Liuium
519 3629 599 3695 quae
621 3608 707 3673 nullo
729 3608 825 3673 modo
846 3610 968 3693 possinl
989 3610 1149 3677 consiliari
1175 3632 1248 3677 oum
1269 3553 1403 3756 Ρο-ῥῐᾷν

289 3994 292 4001 ,
363 3947 386 4010 ⁸)
406 3946 501 3998 Eadem
531 3962 596 4013 quse
617 3948 705 3999 Liuius
727 3944 810 3999 attulit
835 3949 917 3998 omine
943 3944 1065 3999 avaelio
1082 3947 1214 4016 Antipatro
1232 3954 1332 4003 nouato

256 4050 310 4085 esse
335 4048 391 4085 cnm
409 4048 424 4084 e
442 4032 563 4087 Gioerone
585 4035 630 4103 (de
648 4035 700 4087 diu.
719 4035 807 4094 1‚35;
830 4034 864 4087 de
885 4039 936 4087 nel,
960 4034 1027 4089 deor.
1050 4035 1085 4097 11,
1108 4039 1134 4098 3,
1158 4038 1186 4098 8)
1205 4044 1333 4105 appareat,

254 4123 430 4175 Leolmennus
447 4130 472 4175 et
489 4124 595 4177 Peterus
613 4130 763 4177 censuerunt
790 4141 805 4176 e
833 4123 918 4177 Caelio
935 4124 1035 4176 Liuium
1051 4124 1096 4177 illu
1114 4125 1236 4178 adiecisse
1253 4125 1333 4193 Poly-

253 4210 347 4264 bienae
375 4215 531 4264 enarrationi.
568 4212 613 4264 sed
635 4215 795 4278 perspicuum
817 4217 854 4263 est
876 4212 940 4264 nihil
964 4213 1070 4274 obstare,
1098 4215 1228 4281 quominus
1246 4214 1333 4265 eaden

254 4304 305 4353 iarn
326 4301 358 4353 ab
377 4300 433 4353 eliis
444 4300 570 4353 annalium
590 4298 749 4367 scriptoribus
762 4300 874 4352 Caelium
887 4302 1014 4373 aceepisse
1033 4304 1058 4352 et
1077 4300 1176 4352 Liuium
1195 4318 1227 4352 ex
1246 4301 1333 4353 iisdem

254 4391 369 4442 hausisse
388 4396 530 4441 statuamus.
