2950 4900
319 1285 597 1400 Transeamus'ad
619 1308 718 1399 initam
739 1333 889 1400 Marcelli
933 1353 971 1400 ac
991 1354 1062 1399 cum
1077 1276 1285 1402 'Plutarchum

206 1443 243 1507 in
266 1439 477 1508 describendis
498 1439 573 1506 uitis
595 1459 702 1506 comm
724 1441 873 1518 inicorum,
897 1439 952 1524 qui
972 1461 1037 1506 non
1057 1439 1152 1507 modo
1173 1439 1284 1508 iisdem

205 1546 401 1632 temporibus
431 1547 578 1612 mnenmt
609 1545 666 1610 sed
693 1547 790 1612 etiam
809 1545 922 1612 iisdem
943 1545 1035 1612 bellis
1065 1547 1284 1624 interfuerunt,

206 1654 265 1738 qui
278 1673 336 1737 per
348 1652 464 1718 multos
475 1672 574 1718 annos
596 1657 653 1717 aut
674 1652 786 1718 eodem
807 1659 949 1737 tempore
970 1656 1026 1719 aut
1047 1651 1176 1718 alternis
1198 1674 1284 1718 snm·

206 1781 295 1826 mum
321 1758 486 1843 imperium
513 1757 704 1843 reipublicae
738 1760 884 1824 maximis
911 1759 1058 1843 periculis
1088 1779 1215 1842 pressae
1248 1779 1286 1825 ac

205 1866 400 1951 ςιιιιίιιιιιιιι
431 1864 575 1930 cladibus
594 1885 763 1930 concussae
796 1864 1059 1932 administrabant
1091 1869 1123 1930 et
1153 1885 1286 1948 quorum
1385 1876 1392 1888 ‘

206 1972 339 2040 consilia
361 1993 399 2038 ac
420 1971 505 2037 iacta
526 1971 560 2036 in
582 1970 780 2055 reprimendo
794 1971 973 2038 Hannibale
987 1991 1211 2053 nonnunquam
1233 1990 1308 2047 ar·¹

208 2079 330 2144 tissim
359 2079 443 2144 inter
475 2099 509 2143 se
543 2077 762 2156 cohaerebant,
795 2076 907 2144 iisdem
937 2075 1076 2142 fontibus
1102 2090 1195 2143 usrnn
1217 2095 1285 2141 esse

209 2185 362 2268 suspicari
389 2184 555 2269 possimus,
581 2183 668 2248 nulla
695 2183 819 2250 rohone
845 2182 956 2251 habita
982 2187 1146 2250 auctorum
1168 2203 1188 2248 a
1209 2182 1285 2249 Plu-

207 2288 321 2358 tarcho
354 2289 553 2356 laudatorum
585 2289 716 2354 eandem
749 2310 845 2372 quam
877 2294 975 2356 antea
1000 2288 1170 2356 institimus
1191 2309 1285 2371 argu-

207 2395 373 2463 mentandi
412 2396 497 2461 uiam
533 2396 776 2481 persequamur.¹
824 2415 925 2479 neque
963 2415 1040 2461 uero
1072 2399 1163 2461 tanta
1194 2393 1286 2463 nobis

207 2501 351 2569 subsidia
376 2507 502 2585 praesto
531 2506 605 2567 sunt
633 2506 754 2585 quanta
783 2522 877 2585 snpra
909 2499 1161 2584 suppeditabant
1211 2521 1286 2567 nam

207 2630 283 2677 cum
304 2608 427 2694 Polybii
448 2607 580 2673 historia
601 2608 710 2691 paucis
726 2608 865 2691 exceptis
885 2606 1067 2690 hagmentis
1089 2629 1153 2672 non
1175 2628 1284 2691 supen-

207 2721 275 2781 stes
303 2715 354 2792 sit,
382 2713 546 2797 Appianus
574 2717 607 2779 et
639 2715 777 2781 Zonaras
800 2713 955 2779 derebus
977 2735 998 2778 a
1018 2714 1167 2782 Marcello
1188 2717 1285 2799 gestis

206 2825 301 2889 tanta
329 2821 485 2887 breuitate
513 2821 641 2904 egerint,
669 2826 706 2887 ut
735 2820 802 2887 iere
823 2821 927 2887 nullus
950 2820 1069 2887 fructus
1091 2841 1132 2885 ex
1151 2822 1191 2887 iis
1212 2842 1284 2906 per·

206 2929 272 3011 cipi
293 2928 402 3011 possit,
427 2948 525 3011 prope
547 2927 632 2993 solus
654 2926 763 2993 Liuius
784 2933 893 2994 restat.
941 2949 982 2997 *ao
1002 2950 1042 2993 ne
1064 2948 1136 2995 eum
1157 2928 1284 3013 quidem

205 3034 325 3117 ubique
356 3042 538 3118 comparare
568 3034 652 3113 licet,
684 3035 760 3119 quia
791 3036 871 3102 liber
897 3035 1061 3100 uicesimus
1083 3057 1146 3119 quo
1168 3036 1285 3101 ballum

205 3146 320 3207 contra
346 3140 493 3207 Insubres
520 3145 642 3223 gestum
672 3140 994 3225 comprehendebatur
1014 3162 1079 3207 non
1100 3142 1174 3209 tulit
1196 3147 1284 3207 aeta-

204 3257 298 3313 aem·
327 3268 408 3332 quae
437 3270 508 3313 omn
535 3249 582 3313 ita
604 3249 669 3313 sint
690 3270 882 3333 quamquam
903 3248 1006 3315 minus
1027 3253 1112 3314 certe
1134 3269 1230 3333 quam
1250 3249 1284 3313 in

204 3356 277 3421 unita
303 3354 394 3421 Fabii
422 3354 552 3421 Maximi
580 3354 620 3419 de
647 3354 808 3421 Plutarchi
835 3355 973 3421 fontibus
1001 3356 1101 3421 conici
1133 3376 1224 3439 posse
1251 3357 1285 3421 in

205 3468 319 3547 aperto
349 3468 413 3541 est,
446 3469 554 3528 tamen
584 3484 647 3529 non
675 3463 797 3528 unitam
826 3453 1093 3547 comparationem
1120 3468 1284 3527 auctorum

206 3569 265 3655 qui
286 3574 452 3652 supersunt
438 3569 541 3634 tiore
564 3568 790 3635 eristimamus.

314 3676 486 3758 Postquam
517 3675 746 3739 Plutarchus
736 3696 773 3739 1n
800 3675 909 3759 primis
942 3673 1097 3758 capitibus
1131 3672 1211 3738 dixit
1244 3673 1284 3738 de

205 3801 320 3865 genere
350 3788 383 3846 et
369 3781 552 3847 tmorlbus
584 3774 734 3858 Marcelli,
769 3801 836 3864 cap.
869 3780 1042 3845 HI—VIII
1067 3778 1184 3845 bellum
1213 3801 1284 3845 cum

206 3887 309 3954 Gallis
332 3887 373 3953 ab
396 3908 479 3953 anno
505 3886 570 3953 225
592 3908 692 3970 usque
714 3884 756 3953 ad
778 3906 896 3951 annum
918 3886 983 3951 222
1005 3890 1127 3969 gestum
1149 3893 1283 3952 enamat.

205 3992 250 4058 de
270 3992 380 4058 eodem
402 3992 484 4058 bello
508 3998 606 4076 agunt
626 3990 775 4077 Polybius
796 3991 839 4069 11,
861 3991 1009 4067 23-343
1037 3991 1175 4057 Zonaras
1198 3990 1283 4070 VIII,

205 4098 261 4163 20.
307 4099 391 4181 quod
412 4098 494 4163 Liuii
516 4097 591 4162 belli
619 4087 757 4162 narratio
780 4096 900 4161 interiit
920 4094 1014 4161 ualde
1037 4101 1085 4162 eet
1106 4095 1283 4162 dolendum.

205 4224 304 4289 quam
330 4204 475 4269 lacunam
504 4204 612 4289 aliqua
640 4225 679 4269 ex
706 4207 801 4287 parte.
827 4202 955 4286 explent
976 4202 1147 4286 Eutropius
1170 4201 1282 4277 111‚5‚

204 4312 227 4377 6
253 4316 286 4375 et
307 4308 436 4376 Orosius
458 4310 513 4388 IV,
531 4310 583 4389 13,
607 4332 684 4393 quos
706 4308 871 4375 historiam
892 4308 977 4375 Liuii
998 4306 1188 4391 excerpsisse
1210 4325 1282 4369 cum

202 4416 262 4483 ubi
288 4417 391 4501 ipsum
419 4416 544 4480 Liuium
573 4435 756 4499 comparare
783 4416 857 4481 licet
884 4413 1064 4480 oeaanmis
1092 4408 1282 4492 argumentis
