2950 4900
640 381 859 445 ...34-

215 593 397 682 Olastidium
425 591 528 657 deleta
555 611 623 656 esse
651 590 779 658 Orosius
806 591 916 670 refert,
951 593 1119 660 Plutarcho
1152 600 1297 661 auctore

213 708 318 781 auum
344 701 375 766 X
402 705 526 764 tantum
547 697 633 764 milia
654 693 692 764 'e'o
714 699 960 783 profectusum,
982 721 1046 765 non
1066 705 1133 765 tam
1154 701 1296 766 Plutar-

212 810 305 875 chum
326 828 444 873 errasse
466 807 679 890 putaucrimus
702 819 797 890 quam
819 805 964 871 Orosium
986 828 1147 873 caesorum
1168 829 1296 873 nume-

210 939 280 982 rum
295 937 365 980 cum
376 917 447 979 toto
459 913 663 978 Gaesatorum
677 932 807 977 numero
822 912 1005 978 confudisse.
1026 934 1100 978 nam
1121 918 1199 979 XXX
1217 915 1295 979 mi-

210 1021 254 1087 lia
265 1041 318 1086 eos
329 1019 423 1085 fuisse
433 1040 496 1085 non
508 1019 602 1084 modo
614 1019 801 1084 Plutarchus
811 1019 866 1084 sed
878 1019 972 1084 etiam
986 1019 1132 1108 Polybius
1150 1022 1295 1108 (11‚34)

210 1124 346 1193 tradunt.
368 1147 448 1211 quae
477 1133 635 1222 utcunque
662 1147 730 1192 sese
743 1126 862 1192 habent
875 1147 940 1192 non
957 1133 1030 1193 sunt
1045 1127 1293 1211 impedimento,

209 1233 372 1318 quominus
387 1239 537 1317 procerte
552 1238 710 1298 statuatur
722 1233 882 1299 Plutarchi
896 1233 970 1298 belli
983 1235 1192 1300 narrationem
1206 1253 1293 1302 esse

209 1339 339 1404 eandem
362 1361 456 1423 quam
477 1361 495 1404 e
517 1338 615 1404 Fabio
636 1339 761 1404 Pictore
774 1334 917 1405 manasse
932 1340 1141 1422 cognouimus.
1178 1361 1291 1424 quam

208 1451 313 1511 utrum
335 1452 374 1510 eir
401 1445 498 1529 ipsius
519 1443 609 1508 Fabii
637 1444 802 1509 annalibus
824 1465 868 1510 an·
887 1465 905 1509 e
927 1445 1019 1509 Liuio
1040 1435 1179 1512 hauserit
1197 1442 1289 1513 Plu-

208 1552 334 1618 tarchus
357 1573 395 1616 ex
416 1551 476 1616 hac
498 1551 813 1634 comparationeomri
835 1573 898 1616 non
914 1557 1027 1635 potest.
1056 1535 1128 1618 'sed
1149 1573 1217 1618 cnm
1242 1555 1288 1620 in

207 1659 275 1724 uita
289 1657 379 1723 Fabii
395 1657 524 1722 Maximi
540 1656 695 1721 Pictorem
706 1662 866 1722 auctorem
886 1658 1088 1742 praecipuum
1109 1659 1202 1724 fuisse
1222 1663 1286 1726 ui-

207 1764 355 1842 derimus,
388 1765 421 1828 in
448 1768 555 1828 nostra
581 1768 687 1827 autem
714 1763 782 1827 uita
803 1762 928 1828 Liuium
948 1764 1144 1848 potissimum
1164 1771 1285 1832 aucto-

205 1893 272 1936 rem
299 1870 408 1935 haberi
435 1890 500 1934 non
521 1889 613 1953 posse
634 1891 707 1934 mcx
729 1868 973 1935 demonstraturi
994 1870 1100 1949 simus,
1123 1871 1284 1940 hocloco

205 1979 307 2063 ipsum
334 1975 465 2040 Fabium
494 1973 649 2040 Pictorem
678 1979 753 2039 ante
774 1976 879 2057 oculos
901 1975 1048 2042 habuisse
1070 1977 1282 2046 Plutarchum

205 2083 294 2148 nobis
320 2100 503 2166 persuasum
525 2082 590 2146 est.
609 2106 662 2128 ·-
685 2080 914 2146 eidemautem
934 2081 1015 2147 fonti
1035 2085 1177 2168 exempla
1196 2086 1281 2152 reli-

204 2190 303 2275 gionis
326 2189 417 2253 anxie
439 2209 459 2252 a
480 2187 627 2253 Romanis
649 2186 835 2253 obseruatae
849 2191 932 2275 (cap.
955 2190 998 2274 V)
1021 2211 1084 2258 non
1106 2191 1281 2259 tribuenda

204 2317 271 2362 esse
305 2299 400 2379 atque
432 2315 471 2359 ex
499 2295 567 2360 aliis
595 2293 733 2360 fontibus
761 2315 815 2373 ea,
850 2317 930 2379 quae
958 2295 998 2360 de
1025 2297 1133 2380 spoliis
1160 2299 1278 2382 opimis

202 2401 271 2470 Ioui
289 2400 431 2469 Feretrio
454 2399 603 2467 dedimtis
626 2401 808 2491 (capfflll)
830 2401 899 2467 inse
921 2402 1123 2482 disseruntur,
1146 2412 1278 2490 sumpta

202 2530 269 2577 esse
290 2508 380 2575 facile
401 2496 598 2591 intellegitur.
990 2516 993 2519 ’

206 2639 210 2647 ·
306 2614 343 2680 In
372 2612 521 2698 proximis
550 2612 703 2697 capitibus
725 2618 893 2679 narrantur
912 2613 1032 2698 proelia
1053 2614 1136 2681 circa
1156 2615 1276 2684 Nolam

169 2716 173 2719 ’
201 2722 309 2788 urbem
337 2742 357 2785 a
383 2709 545 2783 Marcello
559 2724 667 2789 contra
694 2714 904 2785 Haumbalem
926 2720 1097 2785 commissa.
1142 2742 1274 2807 compa-

199 2829 263 2907 rari
283 2828 344 2893 hoc
364 2826 433 2891 loc‘o
454 2830 560 2908 potest
582 2825 664 2891 solus
685 2826 793 2891 Liuius
817 2825 934 2904 XXIH,
958 2826 1088 2893 15-16
1095 2852 1104 2905 3
1126 2830 1269 2895 42-46.

199 2935 323 2999 Liuium
353 2935 468 3008 autem,
514 2951 704 3014 quamquam
743 2932 959 2997 similitudines
999 2932 1150 3018 quasdam
1172 2935 1272 3001 inter

199 3061 270 3105 eum
302 3044 335 3104 et
366 3036 568 3102 Plutarchum
598 3036 790 3103 intercedere
819 3058 932 3123 negare
960 3040 1119 3118 nolumus,
1146 3040 1272 3120 fontem

198 3144 358 3211 Plutarchi
379 3163 442 3207 non
463 3140 559 3208 fuisse
580 3143 649 3208 luce
676 3148 724 3209 est
757 3144 880 3210 clarius.
935 3165 1009 3210 nam
1038 3151 1075 3211 ut
1107 3167 1125 3211 e
1158 3148 1267 3212 multis

198 3273 279 3337 quae
306 3250 484 3333 discrepant
512 3250 594 3313 inter
626 3270 679 3315 eos
707 3270 809 3333 pauca
835 3249 1010 3329 afferamus,
1037 3272 1104 3336 cap.
1126 3251 1157 3316 X
1179 3274 1268 3319 come

197 3359 375 3443 alloquium,
399 3377 461 3443 quo
483 3354 647 3421 Marcellus
676 3356 824 3421 Bantium
852 3358 1027 3423 Poenorum
1054 3359 1195 3443 partibus
1216 3361 1266 3424 fa·

196 3469 321 3530 uentem
352 3461 412 3527 sibi
439 3462 624 3541 conciliauit,
658 3462 750 3527 aliter
769 3462 861 3527 finxit
883 3463 1069 3529 Plutarchus
1091 3469 1188 3549 atque
1209 3466 1265 3530 Li-

195 3573 265 3637 uius
292 3590 359 3653 cap.
389 3566 447 3645 15;
473 3588 540 3652 cap.
569 3568 625 3646 XI,
655 3569 785 3633 10-18
814 3589 853 3633 ex
880 3570 1043 3654 eruptione
1064 3592 1085 3635 a
1113 3570 1265 3638 Marcello

195 3676 278 3743 facta
299 3674 485 3759 perspicitur
506 3674 600 3740 aliam
622 3674 716 3740 baisse
739 3676 898 3759 copiarum
920 3676 1157 3742 collocationem
1179 3678 1265 3763 apud

194 3781 396 3847 Plutarchum
411 3800 505 3864 quam
521 3780 604 3865 apud
625 3780 750 3846 Liuium
766 3782 807 3846 16
824 3786 853 3865 ἕ.
869 3780 906 3858 8;
929 3802 996 3865 cap.
1018 3782 1096 3860 XII,
1130 3784 1263 3847 10—12

193 3886 379 3954 Plutarchus
412 3886 594 3952 Marcellum
626 3893 831 3970 prouocatum
859 3888 900 3953 ab
928 3887 1104 3953 Hannibale
1125 3871 1264 3974 pugnam

194 3995 381 4061 detrectasse
413 3992 576 4078 significat,
611 4014 681 4059 cum
716 3993 824 4058 Liuius
851 3994 896 4058 44
919 4000 948 4077 ξ.
970 3994 1058 4059 3-5
1080 3995 1263 4062 Marcellum

193 4102 356 4185 eruptione
381 4100 467 4170 facta
494 4100 642 4165 atrociter
670 4120 741 4191 cnm
761 4098 939 4165 Hannibale
960 4122 1114 4184 pugnasse
1136 4108 1261 4183 narrat3

194 4227 262 4289 cap.
287 4204 365 4281 XII,
389 4205 431 4269 14
452 4203 637 4269 Plutarchus
659 4204 744 4271 solus
767 4190 920 4278 memorat
941 4204 1123 4271 Marcellum
1144 4208 1261 4295 Roma-

193 4330 305 4373 norum
326 4308 446 4391 pedites
468 4310 644 4392 praelongis
666 4311 823 4375 sociorum
843 4310 1003 4377 naualium
1023 4310 1122 4377 hastis
1143 4314 1262 4379 instan-

204 4414 283 4477 risse.
336 4413 390 4476 sed
423 4414 514 4496 longe
543 4414 666 4478 maioris
701 4414 749 4478 his
783 4414 998 4498 discrepantiis
1029 4419 1188 4483 momenti
1211 4424 1262 4483 est
