2950 4900
625 367 845 432 -24-

200 577 359 642 Plutarchi
379 577 524 660 proprius
546 597 622 640 esse.
667 576 744 660 quid
765 577 861 660 igitur
882 575 1084 643 statuendum
1105 580 1174 644 est?
1204 579 1269 644 sola

200 683 405 749 tamdementa
431 687 536 748 cetero
565 687 678 749 ornatu
705 690 811 767 spreto
837 682 1041 748 Plutarchum
1062 704 1081 748 e
1101 684 1195 752 Liuio
1217 707 1270 751 ex-

201 791 349 874 cerpsisse
378 788 418 854 ab
446 789 550 855 animo
578 785 749 873 impetrare
778 810 842 854 non
868 809 1032 873 possumus
1054 796 1091 855 ut
1109 797 1270 876 potamum

199 897 299 962 multo
325 917 401 960 sane
428 893 621 979 probabilius
649 901 698 960 est
724 901 909 978 argumenta
937 917 976 960 ex
1003 899 1159 965 communi
1185 898 1272 964 fonte
1349 975 1351 980 .

200 1009 367 1086 utrumque
394 1001 542 1085 petiuisse
574 1021 613 1066 ae
633 1022 690 1084 pro
720 1021 777 1065 suo
812 1006 982 1084 utrumque
1016 1001 1141 1086 ingenio
1176 1009 1272 1087 atque

198 1109 302 1174 indole
325 1128 491 1173 exornasse
519 1107 615 1190 atque
643 1106 823 1176 excoluisse.
867 1107 932 1171 iam
969 1129 1045 1173 uero
1082 1099 1179 1175 siin
1206 1131 1272 1174 me·

199 1217 330 1282 moriam
373 1235 555 1281 reuooamus
604 1213 831 1297 discrepantias
877 1235 972 1298 supra
1023 1220 1165 1294 notatas,
1202 1217 1273 1300 qui-

201 1323 259 1387 bus
285 1343 361 1386 num
386 1320 512 1385 Liuium
538 1319 728 1384 Plutarchus
761 1319 939 1385 adhibuerit
972 1322 1035 1386 iam
1063 1321 1193 1387 dubium
1214 1326 1272 1397 est,

202 1433 322 1494 oertum
342 1409 467 1492 uidetm
489 1426 579 1491 nobis
602 1446 669 1490 esse
691 1445 794 1508 neque
816 1431 1001 1509 argumenta
1022 1428 1198 1493 orationum
1218 1447 1275 1492 ne-

202 1554 263 1618 que
291 1533 415 1599 omnino
443 1530 615 1615 quidquem
643 1551 661 1596 e
682 1531 774 1597 Liuio
796 1532 964 1615 sumpsisse
984 1533 1197 1611 Plutarchum,
1219 1533 1275 1600 sed

201 1646 368 1722 utrumque
391 1659 431 1702 ex
453 1637 563 1702 eodem
584 1637 672 1702 fonte
693 1637 834 1702 hausisse
856 1639 969 1704 omnia

104 1712 258 1825 gtflbds
308 1745 408 1824 Quem
430 1764 631 1816 ¹communem
653 1743 780 1809 ‚fontem
802 1743 943 1831 Fabium,
955 1746 1110 1812 Pictorem
1131 1745 1227 1812 fuisse
1249 1749 1276 1811 si

104 1823 182 2012 Til
196 1873 266 1965 ,ἔρῃ
288 1851 353 1916 ium
374 1855 469 1914 antea
484 1850 667 1937 erucerimus
682 1852 779 1916 etiam
800 1871 819 1916 e
838 1851 937 1918 totius
961 1854 1149 1918 narrationis
1170 1852 1278 1918 indole

104 1949 132 2008 ‘a‘
170 1943 197 1980 μ
298 1977 411 2022 acum
432 1957 500 2021 ueri
522 1947 723 2021 similitudine
738 1956 819 2022 effici
864 1959 948 2023 ossit.
993 1979 1067 2023 nam
1088 1980 1153 2024 non
1173 1960 1278 2024 minus

104 1979 340 2130 mwaffuio
368 2083 463 2145 quam
491 2083 508 2128 e
537 2063 705 2129 Plutarcho
734 1979 1026 2132 elucetpauctorem
1047 2087 1110 2150 quo
1130 2067 1181 2132 usi
1203 2073 1279 2131 sunt

203 2191 253 2234 res
281 2167 363 2253 quae
389 2169 430 2234 ad
456 2169 589 2234 Fabium
616 2171 789 2236 Maximum
811 2177 956 2255 spectant
976 2173 1114 2238 maxima
1127 2193 1206 2264 cum
1228 2172 1278 2237 di·

203 2277 333 2361 ligentia
360 2280 392 2340 et
419 2275 534 2340 eximia
557 2297 632 2341 cura
655 2277 834 2360 exposuisse
857 2284 954 2361 atque
974 2284 1041 2343 tam
1063 2299 1167 2343 acrem
1188 2277 1280 2344 Fabii

205 2381 400 2449 defensorem
429 2401 467 2446 aa
494 2388 759 2467 propugnatorem
792 2403 826 2449 se
854 2382 1045 2468 praebuisse,
1075 2390 1112 2451 ut
1133 2405 1280 2451 nonnun-

206 2510 300 2573 quam
328 2488 367 2553 de
394 2488 457 2555 fide
485 2490 551 2554 eius
578 2489 714 2555 dubitari
749 2489 871 2555 debeat
921 2491 1165 2577 quotiesctmque
1192 2493 1278 2558 enim

205 2598 272 2663 fieri
286 2602 392 2681 potest
413 2597 546 2661 uirtutes
569 2616 607 2661 ao
627 2597 741 2663 merite
761 2598 851 2663 Fabii
873 2598 1003 2663 Maximi
1024 2599 1152 2664 summis
1174 2598 1279 2665 laudi·

206 2704 264 2769 bus
294 2701 473 2781 cheremon,
501 2702 628 2768 Minucii
651 2708 684 2767 et
705 2703 951 2769 obtrectatorum
972 2705 1039 2769 eius
1061 2705 1222 2771 temeritas
1243 2712 1280 2769 et

206 2810 345 2894 prauitas
380 2830 475 2893 quam
508 2810 780 2875 uehementissime
813 2812 987 2895 corripitur.
1037 2811 1162 2895 proelii,
1192 2808 1278 2893 quod

207 2916 335 2981 absente
361 2914 459 2980 Fabio
486 2913 639 2981 Minucius
668 2936 738 2981 cum
766 2916 943 2983 Hannibale
964 2916 1078 2981 inierat
1099 2921 1131 2981 et
1153 2911 1193 2979 de
1214 2935 1279 2999 quo

207 3022 295 3087 uario
322 3021 363 3086 ab
392 3020 571 3086 auctoribus
596 3021 769 3087 iudicatum
796 3042 865 3087 esse
891 3040 910 3086 e
936 3023 1027 3088 Liuio
1051 3022 1197 3087 discimus
1220 3022 1280 3108 (24

208 3134 237 3211 ξ.
267 3128 401 3219 8-14),
429 3132 536 3191 noster
563 3132 672 3193 auctor
699 3148 770 3192 eam
798 3128 925 3193 exhibet
952 3129 1174 3206 narrationem,
1196 3147 1281 3211 quae

208 3232 295 3298 leudi
316 3232 406 3297 Fabii
427 3252 522 3315 quam
544 3233 670 3298 minime
692 3232 790 3298 officit
810 3232 939 3302 Minucii
960 3234 1091 3317 gloriam
1113 3233 1280 3312 iminuit.

209 3337 374 3423 probatam
397 3337 529 3425 denique
552 3360 589 3405 ac
611 3339 772 3404 laudatam
796 3360 863 3404 esse
884 3338 1070 3423 prudentem
1091 3340 1182 3406 Fabii
1203 3338 1281 3405 belli

209 3444 336 3529 gerendi
362 3445 516 3510 rationem
543 3446 585 3511 ab
612 3446 681 3530 ipso
703 3446 849 3523 Minucio,
872 3447 927 3530 qui
948 3446 1164 3512 acerbissimus
1187 3451 1284 3535 antea

210 3551 407 3617 aduersarius
430 3552 496 3615 eius
518 3552 630 3629 fuerat,
655 3572 719 3635 qua
740 3552 884 3617 ubertate
906 3557 940 3617 et
961 3552 1118 3617 suauitate
1140 3550 1283 3635 depingi-

210 3656 277 3723 turl
322 3657 395 3721 telis
423 3676 498 3721 uero
526 3658 665 3722 namatio
688 3658 737 3722 oui
762 3658 867 3741 aptius
888 3658 984 3723 tribui
1005 3658 1106 3741 possit
1127 3676 1222 3739 quam
1244 3655 1282 3733 Q.

211 3744 309 3829 Fabio
342 3763 475 3840 Pistori,
508 3763 598 3829 Fabii
631 3764 761 3827 Maximi
793 3764 901 3848 gentili
935 3770 1031 3852 atque
1058 3763 1191 3850 aequali,
1219 3783 1282 3850 quo

212 3870 367 3936 neminem
416 3870 590 3935 accuratius
634 3870 760 3935 nouisse
808 3888 859 3934 res
901 3868 943 3935 ab
984 3870 1038 3935 illo
1080 3874 1184 3953 gestas
1227 3874 1285 3933 aut

212 3976 328 4041 maiore
363 3974 569 4039 admiratione
602 3976 779 4069 amplexum
805 3996 873 4041 esse
902 3981 936 4041 et
963 3974 1163 4059 descripsisse
1190 3974 1282 4040 facile

212 4076 416 4163 intellegiturl

320 4184 468 4251 Venimus
502 4186 545 4251 ad
584 4207 709 4271 pugnae
745 4184 916 4251 Cannensis
948 4183 1187 4270 descriptionem
1223 4182 1285 4271 (Pl.

216 4290 433 4376 xlv-XVI),
456 4314 627 4381 quaecum
649 4292 779 4377 Polybio
793 4292 912 4359 nullam
934 4312 1079 4374 magnam
1101 4312 1173 4357 cum
1193 4290 1285 4355 Liuio

216 4397 450 4463 similitudinem
478 4399 584 4477 habet,
613 4403 661 4479 ut·
676 4398 876 4463 menifestum
904 4398 945 4462 sit
966 4402 1023 4461 aut
1043 4394 1246 4461 Plutarchum
1268 4415 1287 4458 e
