2950 4900
622 375 843 438 „16.„

196 587 274 656 haec
303 586 387 654 Liuii
419 587 516 652 uerba
547 587 592 652 ita
623 588 779 670 accepisse
813 585 1076 661 Chaeronensem,
1110 589 1268 668 tamquam

197 715 294 760 unum
316 715 336 758 a
357 694 448 758 Liuio
476 693 626 758 traditum
653 693 766 758 fuisset
797 691 974 776 prodigium
1004 696 1099 774 atquc
1132 712 1172 756 ex
1203 691 1269 774 ipso

197 800 277 866 caeli
297 799 388 865 hiatu
409 805 508 864 sortes
534 799 732 877 decidissent,
761 804 836 867 ante
857 797 1003 862 Petcrum
1030 797 1095 862 iam
1116 797 1269 862 Perizoni-

197 906 277 984 nius,
301 905 393 970 anim.
416 905 487 971 hist.
511 906 556 970 IX
577 927 648 992 pag.
668 905 733 969 380
756 904 844 991 (edit.
863 904 991 969 Amstel.
1008 902 1109 989 1685)
1131 902 1269 968 animad-

199 1010 307 1078 uertit.
681 1036 687 1046 ·

199 1118 245 1184 Pl.
260 1117 316 1182 111.
332 1119 370 1182 4:
387 1114 482 1193 αὐτὸς
497 1116 625 1204 (Flam.)
642 1114 725 1182 δ’ἕιιὶ
756 1116 824 1180 Liu
840 1115 942 1193 XXII,
966 1116 998 1193 3,
1015 1114 1072 1178 11:
1095 1135 1167 1180 cum
1184 1114 1217 1180 in
1239 1136 1270 1178 e-

199 1221 374 1293 ododrmoo
403 1219 578 1306 ἁλλόμενος
603 1221 638 1304 ἐξ
671 1219 725 1290 ori-
757 1240 854 1306 quum
880 1221 1059 1299 insiluisset,
1092 1241 1191 1304 equus
1222 1241 1270 1286 re·

200 1327 289 1404 δευός
313 1330 415 1396 αἰτίου
436 1326 601 1418 προδήλου
624 1351 725 1412 παρα·
756 1333 850 1412 ponte
894 1326 1010 1392 corruit
1053 1327 1271 1410 consulemque

200 1433 300 1519 λόγως
338 1431 493 1521 ἐντρόμου
524 1435 589 1501 τοῦ
622 1432 725 1500 ἵππου
754 1433 880 1518 lapsum
899 1455 992 1518 super
1013 1440 1108 1518 caput
1126 1431 1245 1498 effirdit.

192 1543 371 1624 ,yeoooc'oov
393 1540 447 1606 καὶ
469 1544 639 1626 πτυρέντος
660 1539 725 1623 ε’ξέ·

201 1665 279 1714 risos
300 1645 352 1713 καί
375 1646 577 1727 κατενεχθεὶς
600 1645 654 1713 ἐπὶ
676 1669 725 1713 κε-

203 1749 317 1842 φαλήν.
342 1803 348 1815 .
374 1801 411 1815 ..
646 1801 649 1809 ,

202 1862 342 1923 extrema
368 1857 451 1922 Liuii
472 1857 570 1923 uerba
595 1856 675 1922 falso
701 1856 874 1922 reddidisse
900 1854 1103 1921 Plutarchum
1130 1855 1275 1939 opinatur

204 1963 344 2041 Peterus,
363 1983 555 2046 quamquam
570 1969 642 2028 uter
656 1944 750 2029 daea
764 1985 798 2028 re
819 1963 935 2028 rectius
952 1961 1125 2046 prodiderit
1138 1983 1179 2026 ne
1194 1960 1273 2026 diiu-

201 2070 300 2136 dicari
314 2070 439 2154 quidem
454 2075 569 2153 potest.
592 2093 667 2136 nam
689 2072 744 2155 qui
765 2076 891 2155 praeter
912 2090 967 2134 eos
987 2068 1072 2133 idem
1086 2089 1180 2134 omen
1202 2088 1273 2133 nar-

202 2183 351 2250 ruuerunt
373 2177 515 2242 Valerius
537 2177 693 2242 Msnimus
714 2178 741 2256 1,
763 2178 794 2256 6,
818 2177 838 2241 6
861 2183 895 2241 et
918 2175 1036 2253 Cicero,
1057 2174 1098 2239 de
1111 2181 1176 2240 nat.
1191 2174 1273 2241 door.

202 2282 243 2359 II,
267 2283 297 2360 3,
322 2283 341 2348 8
381 2283 499 2348 nullam
525 2283 616 2350 nobis
642 2285 745 2350 lucem
770 2282 914 2360 allenmt,
944 2283 1019 2366 quia
1046 2283 1127 2365 alter
1152 2282 1276 2347 Liuium

202 2394 326 2455 secutus
349 2393 406 2468 est,
435 2388 516 2455 alter
543 2411 656 2475 parum
684 2394 829 2456 accurate
850 2409 919 2455 rem
940 2388 1079 2454 tradidit
1124 2393 1219 2473 atque
1240 2394 1276 2453 ut

203 2496 355 2561 errauerit
369 2494 571 2577 Plutarchus,
593 2498 652 2563 hos
674 2519 795 2565 errores
810 2520 873 2563 non
895 2496 1022 2562 aliunde
1043 2496 1104 2561 nisi
1119 2517 1137 2561 e
1151 2497 1272 2561 Latinis

202 2602 285 2671 Liuii
313 2602 416 2668 uerbis
443 2605 524 2671 falso
548 2606 713 2672 intellectis
740 2606 840 2689 repeti
866 2624 960 2689 posse
987 2624 1145 2687 negamus.
1190 2610 1273 2668 certe

201 2708 235 2773 in
264 2709 390 2775 eosdem
418 2732 536 2777 errores
564 2714 765 2796 neglegenter
791 2712 880 2776 lectis
903 2710 1030 2775 Graecis
1052 2710 1143 2776 Fabii
1170 2709 1273 2776 uerbis

201 2815 337 2881 incidere
359 2818 462 2899 potuit
483 2818 678 2885 Plutarchus.
712 2858 757 2867 -
790 2818 901 2883 tertius
923 2838 1020 2895 error,
1053 2820 1090 2880 ut
1116 2816 1177 2881 hoc
1204 2816 1272 2881 loco

203 2912 310 2987 om'nes
333 2943 411 3005 quos
433 2921 524 2987 affert
545 2924 675 2989 Peterus
696 2944 943 3007 percenseamus,
967 2927 1016 2987 cst
1036 2922 1102 2986 hice

203 3028 249 3091 Pl.
299 3028 352 3093 IV.
401 3028 454 3093 32:
514 3024 549 3115 (ό
597 3028 749 3114 δικτάτωρ
802 3024 935 3117 ηὔξατο)
964 3028 1032 3094 Liu.
1048 3027 1149 3104 XXII,
1169 3028 1221 3104 10,
1236 3028 1273 3090 l:

204 3130 285 3212 θεὰς
306 3132 460 3217 μουσικὰς
482 3136 534 3201 καὶ
555 3132 735 3219 θυμελικὰς
758 3130 847 3217 ἄξειν
869 3132 936 3202 ἀπὸ
967 3133 1104 3199 eiusdem
1119 3134 1164 3198 rei
1178 3154 1276 3197 causa

205 3242 393 3329 σηστερτίων
424 3245 608 3325 τριακοσίων
644 3239 809 3328 τριάκοντα
845 3242 938 3328 τριῶν
966 3238 1033 3305 ludi
1065 3240 1171 3323 magni
1207 3240 1277 3304 uoti

205 3344 258 3411 καὶ
282 3346 439 3433 δηναρίων
461 3349 646 3432 τριακοσίων
667 3344 832 3432 τριάκοντα
845 3350 939 3433 τριῶν
967 3346 1049 3411 aeris
1060 3346 1206 3410 trecentis
1216 3346 1277 3410 tri·

206 3448 254 3515 ἔτι
285 3454 487 3538 τριτημορίου
522 3451 703 3536 προσόντος.
768 3456 873 3520 Τοῦτο
902 3450 938 3520 τὸ
967 3452 1056 3534 ginta
1075 3451 1176 3517 tribus
1190 3450 1276 3515 mili·

205 3554 378 3641 κεφόλειόν
400 3554 484 3621 ἐστιν
506 3554 586 3624 (inrui
608 3555 760 3644 μυριάδες
789 3561 940 3647 δραχμῶν
966 3557 1025 3623 bus
1045 3558 1192 3623 trecentis
1217 3558 1277 3621 tri·

204 3661 256 3727 καὶ
273 3661 411 3747 δραχμαὶ
426 3664 594 3746 τρισχίλιαι
607 3660 810 3731 πεντακόσιαι
825 3662 938 3755 όγδοη-
969 3664 1057 3746 ginta
1085 3665 1187 3730 tribus
1213 3665 1274 3728 tri-

204 3790 299 3835 καυτα
320 3776 400 3851 τρεῖς
421 3767 474 3835 καὶ
498 3766 556 3837 δόο
579 3768 700 3854 ὀβολοί.
970 3775 1052 3835 ento.

205 3894 358 3939 summam
376 3872 506 3938 candem
522 3894 617 3958 quam
639 3874 748 3939 Liuius
764 3874 892 3939 exhibet
905 3895 978 3941 aere
992 3877 1081 3958 graui
1096 3896 1280 3959 expressam

205 3983 279 4043 aute
301 3978 406 4044 oculos
428 3978 575 4045 habuisse
590 3980 794 4047 Plutarchum
815 3982 884 4046 ueri
907 3982 1008 4047 simile
1030 3987 1088 4059 est,
1113 3983 1188 4066 quia
1204 3982 1282 4046 miri

205 4084 326 4149 numeri
348 4087 529 4170 conspirant
550 4108 621 4153 cum
643 4107 689 4151 eo.
736 4107 789 4151 aes
812 4109 886 4153 uero
908 4094 1142 4172 permutaturus
1168 4089 1202 4153 in
1224 4109 1282 4153 ar-

205 4194 332 4273 gentum
360 4192 467 4274 lapsus
507 4197 555 4257 est
584 4192 718 4259 denariis
746 4194 857 4277 positis
885 4195 954 4260 loco
982 4194 1196 4260 sestertiorum
1221 4194 1282 4280 (cf.

206 4317 286 4379 quae
308 4297 527 4365 Weissenborn
548 4300 713 4365 annoteuit
735 4300 777 4365 ad
804 4301 888 4366 hunc
908 4301 991 4366 Liuii
1018 4301 1145 4386 locum).
1189 4301 1284 4365 cuius

206 4404 316 4467 erroris
340 4426 434 4471 carisa
449 4404 709 4489 quemadmodum
730 4407 846 4473 Latina
867 4408 950 4472 Liuii
969 4406 1068 4473 uerba
1081 4406 1191 4472 heberi
1203 4427 1285 4490 pos-
