<?xml version="1.0" encoding="UTF-8"?>
<!DOCTYPE html PUBLIC "-//W3C//DTD XHTML 1.0 Transitional//EN"
    "http://www.w3.org/TR/xhtml1/DTD/xhtml1-transitional.dtd">
<html xmlns="http://www.w3.org/1999/xhtml" xml:lang="en" lang="en">
 <head>
  <title>
</title>
<meta http-equiv="Content-Type" content="text/html;charset=utf-8" />
  <meta name='ocr-system' content='tesseract 3.04.00' />
  <meta name='ocr-capabilities' content='ocr_page ocr_carea ocr_par ocr_line ocrx_word'/>
</head>
<body>
  <div class='ocr_page' id='page_1' title='image "./quibusfontibusp00buchgoog_0044.png"; bbox 0 0 2950 4900; ppageno 0'>
   <div class='ocr_carea' id='block_1_1' title="bbox 637 369 857 435">
    <p class='ocr_par' dir='ltr' id='par_1_1' title="bbox 637 369 857 435">
     <span class='ocr_line' id='line_1_1' title="bbox 637 369 857 435; baseline 0 -18"><span class='ocrx_word' id='word_1_1' title='bbox 637 369 857 435; x_wconf 68' lang='lat'>..35-</span> 
     </span>
    </p>
   </div>
   <div class='ocr_carea' id='block_1_2' title="bbox 215 578 1367 4489">
    <p class='ocr_par' dir='ltr' id='par_1_2' title="bbox 215 578 1281 881">
     <span class='ocr_line' id='line_1_2' title="bbox 216 578 1281 671; baseline 0.006 -26"><span class='ocrx_word' id='word_1_2' title='bbox 216 578 288 646; x_wconf 87' lang='lat' dir='ltr'>bale</span> <span class='ocrx_word' id='word_1_3' title='bbox 301 579 510 666; x_wconf 84' lang='lat' dir='ltr'>reportauisse</span> <span class='ocrx_word' id='word_1_4' title='bbox 523 579 621 646; x_wconf 91' lang='lat' dir='ltr'>tradit</span> <span class='ocrx_word' id='word_1_5' title='bbox 642 581 728 668; x_wconf 88' lang='lat' dir='ltr'>(XII,</span> <span class='ocrx_word' id='word_1_6' title='bbox 745 582 813 669; x_wconf 82' lang='grc'>17),</span> <span class='ocrx_word' id='word_1_7' title='bbox 834 581 981 670; x_wconf 77' lang='lat' dir='ltr'><strong>Polybius</strong></span> <span class='ocrx_word' id='word_1_8' title='bbox 994 589 1101 671; x_wconf 78' lang='lat' dir='ltr'>autam</span> <span class='ocrx_word' id='word_1_9' title='bbox 1114 583 1281 650; x_wconf 71' lang='lat' dir='ltr'><strong>identidem</strong></span> 
     </span>
     <span class='ocr_line' id='line_1_3' title="bbox 215 685 1281 774; baseline 0.006 -24"><span class='ocrx_word' id='word_1_10' title='bbox 215 690 290 750; x_wconf 88' lang='lat' dir='ltr'>ante</span> <span class='ocrx_word' id='word_1_11' title='bbox 311 685 432 752; x_wconf 87' lang='lat' dir='ltr'>cladem</span> <span class='ocrx_word' id='word_1_12' title='bbox 453 686 537 771; x_wconf 84' lang='lat' dir='ltr'>apud</span> <span class='ocrx_word' id='word_1_13' title='bbox 558 688 686 756; x_wconf 84' lang='lat' dir='ltr'>Zamam</span> <span class='ocrx_word' id='word_1_14' title='bbox 713 695 876 773; x_wconf 76' lang='lat' dir='ltr'>acceptam</span> <span class='ocrx_word' id='word_1_15' title='bbox 896 710 1055 774; x_wconf 88' lang='lat' dir='ltr'>nunquam</span> <span class='ocrx_word' id='word_1_16' title='bbox 1076 691 1195 756; x_wconf 90' lang='lat' dir='ltr'>uictum</span> <span class='ocrx_word' id='word_1_17' title='bbox 1216 711 1281 755; x_wconf 71' lang='lat' dir='ltr'>eme</span> 
     </span>
     <span class='ocr_line' id='line_1_4' title="bbox 216 790 1010 881; baseline 0.006 -25"><span class='ocrx_word' id='word_1_18' title='bbox 216 790 425 857; x_wconf 86' lang='lat' dir='ltr'>Hannibalem</span> <span class='ocrx_word' id='word_1_19' title='bbox 445 792 606 858; x_wconf 79' lang='lat' dir='ltr'>contendit</span> <span class='ocrx_word' id='word_1_20' title='bbox 627 793 701 877; x_wconf 87' lang='lat' dir='ltr'>(XV</span> <span class='ocrx_word' id='word_1_21' title='bbox 723 795 781 872; x_wconf 75' lang='lat'>113</span> <span class='ocrx_word' id='word_1_22' title='bbox 805 791 847 860; x_wconf 90' lang='lat'>16</span> <span class='ocrx_word' id='word_1_23' title='bbox 854 818 863 873; x_wconf 89' lang='lat'>;</span> <span class='ocrx_word' id='word_1_24' title='bbox 885 796 941 873; x_wconf 89' lang='lat' dir='ltr'>IX,</span> <span class='ocrx_word' id='word_1_25' title='bbox 964 797 1010 881; x_wconf 83' lang='lat'>3).</span> 
     </span>
    </p>

    <p class='ocr_par' dir='ltr' id='par_1_3' title="bbox 215 896 1367 4489">
     <span class='ocr_line' id='line_1_5' title="bbox 320 896 1282 984; baseline 0.005 -23"><span class='ocrx_word' id='word_1_26' title='bbox 320 896 392 962; x_wconf 87' lang='lat' dir='ltr'>Non</span> <span class='ocrx_word' id='word_1_27' title='bbox 407 899 482 963; x_wconf 86' lang='lat' dir='ltr'>item</span> <span class='ocrx_word' id='word_1_28' title='bbox 504 898 648 966; x_wconf 85' lang='lat' dir='ltr'>subsidiis</span> <span class='ocrx_word' id='word_1_29' title='bbox 669 900 821 984; x_wconf 90' lang='lat' dir='ltr'>equibus</span> <span class='ocrx_word' id='word_1_30' title='bbox 842 899 881 966; x_wconf 88' lang='lat' dir='ltr'>de</span> <span class='ocrx_word' id='word_1_31' title='bbox 903 900 1063 967; x_wconf 78' lang='lat' dir='ltr'>Plutarchi</span> <span class='ocrx_word' id='word_1_32' title='bbox 1083 900 1170 967; x_wconf 86' lang='lat' dir='ltr'>fonte</span> <span class='ocrx_word' id='word_1_33' title='bbox 1185 901 1282 966; x_wconf 89' lang='lat' dir='ltr'>conici</span> 
     </span>
     <span class='ocr_line' id='line_1_6' title="bbox 215 1002 1283 1091; baseline 0.006 -24"><span class='ocrx_word' id='word_1_34' title='bbox 215 1002 316 1084; x_wconf 85' lang='lat' dir='ltr'>possit</span> <span class='ocrx_word' id='word_1_35' title='bbox 336 1019 476 1069; x_wconf 74' lang='lat' dir='ltr'>ememus</span> <span class='ocrx_word' id='word_1_36' title='bbox 497 1004 530 1068; x_wconf 91' lang='lat' dir='ltr'>in</span> <span class='ocrx_word' id='word_1_37' title='bbox 552 1025 591 1069; x_wconf 90' lang='lat' dir='ltr'>ea</span> <span class='ocrx_word' id='word_1_38' title='bbox 613 1026 694 1090; x_wconf 88' lang='lat' dir='ltr'>quae</span> <span class='ocrx_word' id='word_1_39' title='bbox 715 1007 856 1090; x_wconf 88' lang='lat' dir='ltr'>sequitur</span> <span class='ocrx_word' id='word_1_40' title='bbox 867 1007 954 1072; x_wconf 86' lang='lat' dir='ltr'>uitae</span> <span class='ocrx_word' id='word_1_41' title='bbox 974 1013 1075 1091; x_wconf 86' lang='lat' dir='ltr'>parte,</span> <span class='ocrx_word' id='word_1_42' title='bbox 1097 1007 1130 1072; x_wconf 90' lang='lat' dir='ltr'>in</span> <span class='ocrx_word' id='word_1_43' title='bbox 1153 1028 1217 1091; x_wconf 87' lang='lat' dir='ltr'>qua</span> <span class='ocrx_word' id='word_1_44' title='bbox 1230 1012 1283 1072; x_wconf 81' lang='lat' dir='ltr'>co-</span> 
     </span>
     <span class='ocr_line' id='line_1_7' title="bbox 216 1105 1282 1199; baseline 0.007 -27"><span class='ocrx_word' id='word_1_45' title='bbox 216 1105 303 1190; x_wconf 88' lang='lat' dir='ltr'>piose</span> <span class='ocrx_word' id='word_1_46' title='bbox 325 1107 543 1176; x_wconf 89' lang='lat' dir='ltr'>describuntur</span> <span class='ocrx_word' id='word_1_47' title='bbox 563 1109 735 1196; x_wconf 80' lang='lat' dir='ltr'>Syracusae</span> <span class='ocrx_word' id='word_1_48' title='bbox 757 1133 778 1177; x_wconf 92' lang='lat' dir='ltr'>a</span> <span class='ocrx_word' id='word_1_49' title='bbox 798 1113 947 1179; x_wconf 87' lang='lat' dir='ltr'>Marcello</span> <span class='ocrx_word' id='word_1_50' title='bbox 968 1119 1167 1199; x_wconf 82' lang='lat' dir='ltr'>oppugnatae</span> <span class='ocrx_word' id='word_1_51' title='bbox 1188 1119 1282 1198; x_wconf 86' lang='lat' dir='ltr'>atque</span> 
     </span>
     <span class='ocr_line' id='line_1_8' title="bbox 217 1215 1283 1303; baseline 0.009 -25"><span class='ocrx_word' id='word_1_52' title='bbox 217 1220 413 1298; x_wconf 81' lang='lat' dir='ltr'>expugnatae</span> <span class='ocrx_word' id='word_1_53' title='bbox 435 1215 669 1303; x_wconf 89' lang='lat' dir='ltr'>(XHl—XIX).</span> <span class='ocrx_word' id='word_1_54' title='bbox 705 1239 780 1283; x_wconf 90' lang='lat' dir='ltr'>nam</span> <span class='ocrx_word' id='word_1_55' title='bbox 800 1223 925 1302; x_wconf 85' lang='lat' dir='ltr'>praeter</span> <span class='ocrx_word' id='word_1_56' title='bbox 945 1219 1049 1285; x_wconf 80' lang='lat' dir='ltr'>husam</span> <span class='ocrx_word' id='word_1_57' title='bbox 1069 1219 1153 1285; x_wconf 89' lang='lat' dir='ltr'>Liuii</span> <span class='ocrx_word' id='word_1_58' title='bbox 1174 1239 1283 1291; x_wconf 78' lang='lat' dir='ltr'>uanu-</span> 
     </span>
     <span class='ocr_line' id='line_1_9' title="bbox 217 1318 1284 1412; baseline 0.007 -29"><span class='ocrx_word' id='word_1_59' title='bbox 217 1318 334 1386; x_wconf 89' lang='lat' dir='ltr'>tionem</span> <span class='ocrx_word' id='word_1_60' title='bbox 355 1320 483 1408; x_wconf 84' lang='lat' dir='ltr'>(XXIV,</span> <span class='ocrx_word' id='word_1_61' title='bbox 505 1323 603 1401; x_wconf 74' lang='lat'>4-73</span> <span class='ocrx_word' id='word_1_62' title='bbox 626 1324 775 1401; x_wconf 75' lang='lat'>21-39;</span> <span class='ocrx_word' id='word_1_63' title='bbox 790 1324 889 1402; x_wconf 86' lang='lat' dir='ltr'>XXV,</span> <span class='ocrx_word' id='word_1_64' title='bbox 912 1325 1284 1412; x_wconf 75' lang='lat' dir='ltr'>23—31)hauuexigua</span> 
     </span>
     <span class='ocr_line' id='line_1_10' title="bbox 216 1422 1282 1516; baseline 0.004 -26"><span class='ocrx_word' id='word_1_65' title='bbox 216 1422 391 1509; x_wconf 75' lang='lat' dir='ltr'>fragmenta</span> <span class='ocrx_word' id='word_1_66' title='bbox 401 1427 523 1515; x_wconf 90' lang='lat' dir='ltr'>Polybii</span> <span class='ocrx_word' id='word_1_67' title='bbox 535 1434 700 1513; x_wconf 88' lang='lat' dir='ltr'>supersunt</span> <span class='ocrx_word' id='word_1_68' title='bbox 709 1429 794 1516; x_wconf 85' lang='lat' dir='ltr'>(VH,</span> <span class='ocrx_word' id='word_1_69' title='bbox 806 1431 893 1494; x_wconf 77' lang='lat' dir='ltr'>2-t</span> <span class='ocrx_word' id='word_1_70' title='bbox 895 1455 904 1507; x_wconf 90' lang='lat'><strong>;</strong></span> <span class='ocrx_word' id='word_1_71' title='bbox 919 1430 1005 1510; x_wconf 92' lang='lat' dir='ltr'>VIII,</span> <span class='ocrx_word' id='word_1_72' title='bbox 1017 1431 1119 1508; x_wconf 74' lang='lat'>5-93</span> <span class='ocrx_word' id='word_1_73' title='bbox 1135 1431 1195 1507; x_wconf 74' lang='lat'>363</span> <span class='ocrx_word' id='word_1_74' title='bbox 1215 1430 1282 1516; x_wconf 80' lang='grc'>37).</span> 
     </span>
     <span class='ocr_line' id='line_1_11' title="bbox 215 1529 1283 1625; baseline 0.007 -30"><span class='ocrx_word' id='word_1_75' title='bbox 215 1529 350 1617; x_wconf 85' lang='lat' dir='ltr'>Appiani</span> <span class='ocrx_word' id='word_1_76' title='bbox 371 1553 467 1600; x_wconf 92' lang='lat' dir='ltr'>unum</span> <span class='ocrx_word' id='word_1_77' title='bbox 487 1534 694 1619; x_wconf 84' lang='lat' dir='ltr'>fragmentum</span> <span class='ocrx_word' id='word_1_78' title='bbox 716 1541 872 1621; x_wconf 83' lang='lat' dir='ltr'>superstas</span> <span class='ocrx_word' id='word_1_79' title='bbox 899 1542 950 1602; x_wconf 88' lang='lat' dir='ltr'>est</span> <span class='ocrx_word' id='word_1_80' title='bbox 971 1536 1068 1625; x_wconf 83' lang='lat' dir='ltr'>(Sicih</span> <span class='ocrx_word' id='word_1_81' title='bbox 1082 1538 1143 1623; x_wconf 57' lang='lat'>14),</span> <span class='ocrx_word' id='word_1_82' title='bbox 1166 1539 1199 1602; x_wconf 92' lang='lat' dir='ltr'>in</span> <span class='ocrx_word' id='word_1_83' title='bbox 1221 1559 1283 1622; x_wconf 92' lang='lat' dir='ltr'>quo</span> 
     </span>
     <span class='ocr_line' id='line_1_12' title="bbox 216 1637 1283 1728; baseline 0.005 -25"><span class='ocrx_word' id='word_1_84' title='bbox 216 1637 337 1704; x_wconf 80' lang='lat' dir='ltr'>crimini</span> <span class='ocrx_word' id='word_1_85' title='bbox 364 1639 458 1704; x_wconf 88' lang='lat' dir='ltr'>datur</span> <span class='ocrx_word' id='word_1_86' title='bbox 484 1641 632 1715; x_wconf 87' lang='lat' dir='ltr'>Marcello</span> <span class='ocrx_word' id='word_1_87' title='bbox 661 1640 747 1725; x_wconf 91' lang='lat' dir='ltr'>quod</span> <span class='ocrx_word' id='word_1_88' title='bbox 767 1643 865 1724; x_wconf 85' lang='lat' dir='ltr'>nimia</span> <span class='ocrx_word' id='word_1_89' title='bbox 887 1643 1072 1709; x_wconf 87' lang='lat' dir='ltr'>crudelitate</span> <span class='ocrx_word' id='word_1_90' title='bbox 1093 1666 1131 1710; x_wconf 87' lang='lat' dir='ltr'>ac</span> <span class='ocrx_word' id='word_1_91' title='bbox 1152 1643 1283 1728; x_wconf 87' lang='lat' dir='ltr'>perfidia</span> 
     </span>
     <span class='ocr_line' id='line_1_13' title="bbox 215 1744 1285 1817; baseline 0.007 -8"><span class='ocrx_word' id='word_1_92' title='bbox 215 1745 249 1808; x_wconf 93' lang='lat' dir='ltr'>in</span> <span class='ocrx_word' id='word_1_93' title='bbox 270 1745 369 1812; x_wconf 91' lang='lat' dir='ltr'>uictos</span> <span class='ocrx_word' id='word_1_94' title='bbox 397 1744 516 1814; x_wconf 83' lang='lat' dir='ltr'>Siculos</span> <span class='ocrx_word' id='word_1_95' title='bbox 547 1747 811 1815; x_wconf 86' lang='lat' dir='ltr'>animaduerterit.</span> <span class='ocrx_word' id='word_1_96' title='bbox 855 1751 944 1816; x_wconf 89' lang='lat' dir='ltr'>nulla</span> <span class='ocrx_word' id='word_1_97' title='bbox 963 1751 1046 1817; x_wconf 86' lang='lat' dir='ltr'>ratio</span> <span class='ocrx_word' id='word_1_98' title='bbox 1067 1750 1213 1817; x_wconf 86' lang='lat' dir='ltr'>habenda</span> <span class='ocrx_word' id='word_1_99' title='bbox 1235 1757 1285 1816; x_wconf 87' lang='lat' dir='ltr'>est</span> 
     </span>
     <span class='ocr_line' id='line_1_14' title="bbox 216 1850 1285 1944; baseline 0.003 -27"><span class='ocrx_word' id='word_1_100' title='bbox 216 1850 325 1918; x_wconf 90' lang='lat' dir='ltr'>Dionis</span> <span class='ocrx_word' id='word_1_101' title='bbox 353 1851 452 1918; x_wconf 82' lang='lat' dir='ltr'>Cassii</span> <span class='ocrx_word' id='word_1_102' title='bbox 480 1853 579 1942; x_wconf 88' lang='lat' dir='ltr'>(apud</span> <span class='ocrx_word' id='word_1_103' title='bbox 607 1855 708 1920; x_wconf 87' lang='lat' dir='ltr'>Tzetz.</span> <span class='ocrx_word' id='word_1_104' title='bbox 729 1855 809 1922; x_wconf 82' lang='lat' dir='ltr'>Ohil</span> <span class='ocrx_word' id='word_1_105' title='bbox 832 1856 865 1921; x_wconf 92' lang='lat' dir='ltr'>II</span> <span class='ocrx_word' id='word_1_106' title='bbox 885 1856 958 1922; x_wconf 89' lang='lat' dir='ltr'>hist.</span> <span class='ocrx_word' id='word_1_107' title='bbox 981 1856 1035 1936; x_wconf 83' lang='lat'>35,</span> <span class='ocrx_word' id='word_1_108' title='bbox 1059 1856 1205 1944; x_wconf 81' lang='lat'>24-35)</span> <span class='ocrx_word' id='word_1_109' title='bbox 1227 1864 1285 1922; x_wconf 82' lang='lat' dir='ltr'>aut</span> 
     </span>
     <span class='ocr_line' id='line_1_15' title="bbox 216 1958 1284 2055; baseline 0.007 -31"><span class='ocrx_word' id='word_1_110' title='bbox 216 1958 355 2024; x_wconf 82' lang='lat' dir='ltr'>Zonaras</span> <span class='ocrx_word' id='word_1_111' title='bbox 387 1959 443 2038; x_wconf 92' lang='lat' dir='ltr'>IX,</span> <span class='ocrx_word' id='word_1_112' title='bbox 476 1959 508 2038; x_wconf 83' lang='lat'>5,</span> <span class='ocrx_word' id='word_1_113' title='bbox 541 1981 620 2044; x_wconf 84' lang='lat' dir='ltr'>quos</span> <span class='ocrx_word' id='word_1_114' title='bbox 647 1983 721 2055; x_wconf 25' lang='lat' dir='ltr'>[eum</span> <span class='ocrx_word' id='word_1_115' title='bbox 754 1968 881 2047; x_wconf 86' lang='lat' dir='ltr'>praeter</span> <span class='ocrx_word' id='word_1_116' title='bbox 908 1963 986 2030; x_wconf 84' lang='lat' dir='ltr'>alias</span> <span class='ocrx_word' id='word_1_117' title='bbox 1007 1963 1167 2029; x_wconf 89' lang='lat' dir='ltr'>machinas</span> <span class='ocrx_word' id='word_1_118' title='bbox 1189 1963 1284 2032; x_wconf 88' lang='lat' dir='ltr'>etiam</span> 
     </span>
     <span class='ocr_line' id='line_1_16' title="bbox 216 2066 1284 2150; baseline 0.004 -19"><span class='ocrx_word' id='word_1_119' title='bbox 216 2066 343 2150; x_wconf 65' lang='lat' dir='ltr'>mesula</span> <span class='ocrx_word' id='word_1_120' title='bbox 364 2066 405 2132; x_wconf 88' lang='lat' dir='ltr'>ad</span> <span class='ocrx_word' id='word_1_121' title='bbox 426 2066 634 2133; x_wconf 89' lang='lat' dir='ltr'>incendendas</span> <span class='ocrx_word' id='word_1_122' title='bbox 653 2068 864 2136; x_wconf 88' lang='lat' dir='ltr'>Romanorum</span> <span class='ocrx_word' id='word_1_123' title='bbox 877 2091 975 2136; x_wconf 90' lang='lat' dir='ltr'>naues</span> <span class='ocrx_word' id='word_1_124' title='bbox 989 2069 1205 2136; x_wconf 80' lang='lat' dir='ltr'>Archimedem</span> <span class='ocrx_word' id='word_1_125' title='bbox 1227 2069 1284 2135; x_wconf 90' lang='lat' dir='ltr'>ad·</span> 
     </span>
     <span class='ocr_line' id='line_1_17' title="bbox 215 2169 1284 2261; baseline 0.004 -25"><span class='ocrx_word' id='word_1_126' title='bbox 215 2169 353 2237; x_wconf 89' lang='lat' dir='ltr'>hihuisse</span> <span class='ocrx_word' id='word_1_127' title='bbox 375 2179 547 2238; x_wconf 86' lang='lat' dir='ltr'>memorent</span> <span class='ocrx_word' id='word_1_128' title='bbox 567 2195 707 2259; x_wconf 89' lang='lat' dir='ltr'>—quae</span> <span class='ocrx_word' id='word_1_129' title='bbox 728 2174 837 2241; x_wconf 87' lang='lat' dir='ltr'>fabula</span> <span class='ocrx_word' id='word_1_130' title='bbox 859 2177 943 2261; x_wconf 90' lang='lat' dir='ltr'>apud</span> <span class='ocrx_word' id='word_1_131' title='bbox 965 2177 1085 2242; x_wconf 91' lang='lat' dir='ltr'>nullum</span> <span class='ocrx_word' id='word_1_132' title='bbox 1105 2182 1284 2242; x_wconf 87' lang='lat' dir='ltr'>nostrorum</span> 
     </span>
     <span class='ocr_line' id='line_1_18' title="bbox 216 2279 1284 2365; baseline 0.006 -23"><span class='ocrx_word' id='word_1_133' title='bbox 216 2282 378 2343; x_wconf 87' lang='lat' dir='ltr'>auctorum</span> <span class='ocrx_word' id='word_1_134' title='bbox 407 2279 541 2345; x_wconf 76' lang='lat' dir='ltr'>occinuit</span> <span class='ocrx_word' id='word_1_135' title='bbox 573 2318 616 2328; x_wconf 91' lang='lat'>—-</span> <span class='ocrx_word' id='word_1_136' title='bbox 648 2281 829 2365; x_wconf 89' lang='lat' dir='ltr'>posterioris</span> <span class='ocrx_word' id='word_1_137' title='bbox 861 2282 976 2347; x_wconf 86' lang='lat' dir='ltr'>aetatis</span> <span class='ocrx_word' id='word_1_138' title='bbox 1009 2281 1189 2348; x_wconf 85' lang='lat' dir='ltr'>auctoribus</span> <span class='ocrx_word' id='word_1_139' title='bbox 1210 2302 1284 2348; x_wconf 89' lang='lat' dir='ltr'>usos</span> 
     </span>
     <span class='ocr_line' id='line_1_19' title="bbox 217 2384 1286 2471; baseline 0.006 -21"><span class='ocrx_word' id='word_1_140' title='bbox 217 2402 285 2450; x_wconf 88' lang='lat' dir='ltr'>esse</span> <span class='ocrx_word' id='word_1_141' title='bbox 317 2384 514 2471; x_wconf 91' lang='lat' dir='ltr'>perspicuum</span> <span class='ocrx_word' id='word_1_142' title='bbox 546 2391 601 2453; x_wconf 89' lang='lat' dir='ltr'>est.</span> <span class='ocrx_word' id='word_1_143' title='bbox 657 2386 810 2471; x_wconf 89' lang='lat' dir='ltr'>proficisci</span> <span class='ocrx_word' id='word_1_144' title='bbox 841 2407 918 2454; x_wconf 84' lang='lat' dir='ltr'>uero</span> <span class='ocrx_word' id='word_1_145' title='bbox 950 2387 1045 2455; x_wconf 90' lang='lat' dir='ltr'>dehet</span> <span class='ocrx_word' id='word_1_146' title='bbox 1076 2393 1145 2454; x_wconf 88' lang='lat' dir='ltr'>tota</span> <span class='ocrx_word' id='word_1_147' title='bbox 1175 2393 1286 2456; x_wconf 84' lang='lat' dir='ltr'>nostra</span> 
     </span>
     <span class='ocr_line' id='line_1_20' title="bbox 216 2482 1285 2584; baseline 0.003 -26"><span class='ocrx_word' id='word_1_148' title='bbox 216 2493 359 2577; x_wconf 87' lang='lat' dir='ltr'>quaestio</span> <span class='ocrx_word' id='word_1_149' title='bbox 381 2514 401 2559; x_wconf 92' lang='lat' dir='ltr'>a</span> <span class='ocrx_word' id='word_1_150' title='bbox 421 2493 561 2579; x_wconf 89' lang='lat' dir='ltr'>Polybio,</span> <span class='ocrx_word' id='word_1_151' title='bbox 577 2517 670 2580; x_wconf 88' lang='lat' dir='ltr'>quem</span> <span class='ocrx_word' id='word_1_152' title='bbox 686 2494 875 2584; x_wconf 88' lang='lat' dir='ltr'>amplissima</span> <span class='ocrx_word' id='word_1_153' title='bbox 895 2516 945 2561; x_wconf 83' lang='lat' dir='ltr'>res</span> <span class='ocrx_word' id='word_1_154' title='bbox 967 2482 1087 2561; x_wconf 88' lang='lat' dir='ltr'>Siculas</span> <span class='ocrx_word' id='word_1_155' title='bbox 1108 2495 1285 2560; x_wconf 84' lang='lat' dir='ltr'>uarrauisse</span> 
     </span>
     <span class='ocr_line' id='line_1_21' title="bbox 216 2597 1285 2689; baseline 0.001 -25"><span class='ocrx_word' id='word_1_156' title='bbox 216 2597 390 2682; x_wconf 84' lang='lat' dir='ltr'>fragmenta</span> <span class='ocrx_word' id='word_1_157' title='bbox 422 2605 575 2666; x_wconf 87' lang='lat' dir='ltr'>testentur</span> <span class='ocrx_word' id='word_1_158' title='bbox 608 2602 758 2686; x_wconf 90' lang='lat' dir='ltr'>cuiusque</span> <span class='ocrx_word' id='word_1_159' title='bbox 788 2601 968 2685; x_wconf 81' lang='lat' dir='ltr'>fragmentis</span> <span class='ocrx_word' id='word_1_160' title='bbox 997 2602 1088 2689; x_wconf 88' lang='lat' dir='ltr'>copia</span> <span class='ocrx_word' id='word_1_161' title='bbox 1103 2600 1204 2676; x_wconf 48' lang='lat' dir='ltr'>¹nobis</span> <span class='ocrx_word' id='word_1_162' title='bbox 1226 2600 1285 2669; x_wconf 85' lang='lat' dir='ltr'>fiat</span> 
     </span>
     <span class='ocr_line' id='line_1_22' title="bbox 220 2704 1284 2774; baseline 0.001 -5"><span class='ocrx_word' id='word_1_163' title='bbox 220 2724 284 2771; x_wconf 91' lang='lat' dir='ltr'>non</span> <span class='ocrx_word' id='word_1_164' title='bbox 311 2704 412 2770; x_wconf 89' lang='lat' dir='ltr'>solum</span> <span class='ocrx_word' id='word_1_165' title='bbox 438 2704 478 2771; x_wconf 88' lang='lat' dir='ltr'>de</span> <span class='ocrx_word' id='word_1_166' title='bbox 504 2706 586 2771; x_wconf 90' lang='lat' dir='ltr'>Liuii</span> <span class='ocrx_word' id='word_1_167' title='bbox 607 2707 663 2773; x_wconf 90' lang='lat' dir='ltr'>sed</span> <span class='ocrx_word' id='word_1_168' title='bbox 685 2708 781 2773; x_wconf 86' lang='lat' dir='ltr'>etiam</span> <span class='ocrx_word' id='word_1_169' title='bbox 803 2707 843 2772; x_wconf 88' lang='lat' dir='ltr'>de</span> <span class='ocrx_word' id='word_1_170' title='bbox 864 2706 1025 2774; x_wconf 85' lang='lat' dir='ltr'>Plutarchi</span> <span class='ocrx_word' id='word_1_171' title='bbox 1045 2707 1185 2774; x_wconf 84' lang='lat' dir='ltr'>fontibus</span> <span class='ocrx_word' id='word_1_172' title='bbox 1207 2708 1284 2773; x_wconf 86' lang='lat' dir='ltr'>satis</span> 
     </span>
     <span class='ocr_line' id='line_1_23' title="bbox 219 2810 1283 2900; baseline 0.003 -25"><span class='ocrx_word' id='word_1_173' title='bbox 219 2815 305 2877; x_wconf 88' lang='lat' dir='ltr'>certo</span> <span class='ocrx_word' id='word_1_174' title='bbox 319 2810 486 2877; x_wconf 84' lang='lat' dir='ltr'>iudicandi</span> <span class='ocrx_word' id='word_1_175' title='bbox 508 2812 564 2877; x_wconf 90' lang='lat' dir='ltr'>sed</span> <span class='ocrx_word' id='word_1_176' title='bbox 584 2811 769 2900; x_wconf 81' lang='lat' dir='ltr'>priusquam</span> <span class='ocrx_word' id='word_1_177' title='bbox 782 2813 816 2878; x_wconf 92' lang='lat' dir='ltr'>in</span> <span class='ocrx_word' id='word_1_178' title='bbox 837 2813 998 2880; x_wconf 93' lang='lat' dir='ltr'>Plutarchi</span> <span class='ocrx_word' id='word_1_179' title='bbox 1020 2814 1122 2878; x_wconf 87' lang='lat' dir='ltr'>fontes</span> <span class='ocrx_word' id='word_1_180' title='bbox 1142 2814 1283 2897; x_wconf 86' lang='lat' dir='ltr'>inquira-</span> 
     </span>
     <span class='ocr_line' id='line_1_24' title="bbox 218 2919 1358 3003; baseline 0.001 -20"><span class='ocrx_word' id='word_1_181' title='bbox 218 2938 297 2996; x_wconf 90' lang='lat' dir='ltr'>mus,</span> <span class='ocrx_word' id='word_1_182' title='bbox 326 2922 498 2984; x_wconf 88' lang='lat' dir='ltr'>statuemus</span> <span class='ocrx_word' id='word_1_183' title='bbox 528 2938 610 3002; x_wconf 82' lang='lat' dir='ltr'>quae</span> <span class='ocrx_word' id='word_1_184' title='bbox 637 2920 718 2985; x_wconf 87' lang='lat' dir='ltr'>ratio</span> <span class='ocrx_word' id='word_1_185' title='bbox 746 2920 975 2985; x_wconf 71' lang='lat' dir='ltr'>interlunium</span> <span class='ocrx_word' id='word_1_186' title='bbox 997 2919 1214 3003; x_wconf 87' lang='lat' dir='ltr'>etPolybium</span> <span class='ocrx_word' id='word_1_187' title='bbox 1234 2920 1284 2984; x_wconf 90' lang='lat' dir='ltr'>in·</span> <span class='ocrx_word' id='word_1_188' title='bbox 1338 2924 1358 2943; x_wconf 59' lang='lat'>&#39;²</span> 
     </span>
     <span class='ocr_line' id='line_1_25' title="bbox 219 3023 1339 3114; baseline 0.004 -26"><span class='ocrx_word' id='word_1_189' title='bbox 219 3023 367 3090; x_wconf 86' lang='lat' dir='ltr'>tercedat.</span> <span class='ocrx_word' id='word_1_190' title='bbox 394 3044 433 3090; x_wconf 84' lang='lat' dir='ltr'>ac</span> <span class='ocrx_word' id='word_1_191' title='bbox 454 3046 525 3092; x_wconf 90' lang='lat' dir='ltr'>cum</span> <span class='ocrx_word' id='word_1_192' title='bbox 547 3026 648 3114; x_wconf 86' lang='lat' dir='ltr'>primo</span> <span class='ocrx_word' id='word_1_193' title='bbox 670 3025 843 3109; x_wconf 84' lang='lat' dir='ltr'>fragmento</span> <span class='ocrx_word' id='word_1_194' title='bbox 865 3026 987 3111; x_wconf 90' lang='lat' dir='ltr'>Polyhii</span> <span class='ocrx_word' id='word_1_195' title='bbox 1009 3026 1093 3114; x_wconf 79' lang='lat' dir='ltr'>(VII,</span> <span class='ocrx_word' id='word_1_196' title='bbox 1115 3024 1229 3112; x_wconf 79' lang='lat'>2-5),</span> <span class='ocrx_word' id='word_1_197' title='bbox 1251 3028 1285 3093; x_wconf 90' lang='lat' dir='ltr'>in</span> <span class='ocrx_word' id='word_1_198' title='bbox 1322 3032 1339 3070; x_wconf 46' lang='grc' dir='ltr'>’Ὗ</span> 
     </span>
     <span class='ocr_line' id='line_1_26' title="bbox 219 3130 1285 3221; baseline 0.004 -27"><span class='ocrx_word' id='word_1_199' title='bbox 219 3148 282 3212; x_wconf 91' lang='lat' dir='ltr'>quo</span> <span class='ocrx_word' id='word_1_200' title='bbox 313 3130 416 3213; x_wconf 88' lang='lat' dir='ltr'>agitur</span> <span class='ocrx_word' id='word_1_201' title='bbox 447 3131 488 3197; x_wconf 90' lang='lat' dir='ltr'>de</span> <span class='ocrx_word' id='word_1_202' title='bbox 521 3131 669 3197; x_wconf 88' lang='lat' dir='ltr'>societate</span> <span class='ocrx_word' id='word_1_203' title='bbox 701 3132 742 3198; x_wconf 89' lang='lat' dir='ltr'>ab</span> <span class='ocrx_word' id='word_1_204' title='bbox 775 3132 976 3218; x_wconf 82' lang='lat' dir='ltr'>Hieronymo,</span> <span class='ocrx_word' id='word_1_205' title='bbox 1006 3132 1057 3198; x_wconf 89' lang='lat' dir='ltr'>cui</span> <span class='ocrx_word' id='word_1_206' title='bbox 1084 3152 1182 3221; x_wconf 79' lang='lat' dir='ltr'>puero</span> <span class='ocrx_word' id='word_1_207' title='bbox 1212 3138 1285 3221; x_wconf 90' lang='lat' dir='ltr'>post</span> 
     </span>
     <span class='ocr_line' id='line_1_27' title="bbox 219 3225 1285 3322; baseline 0.004 -22"><span class='ocrx_word' id='word_1_208' title='bbox 219 3240 350 3301; x_wconf 87' lang='lat' dir='ltr'>mortem</span> <span class='ocrx_word' id='word_1_209' title='bbox 371 3236 517 3303; x_wconf 88' lang='lat' dir='ltr'>Hieronis</span> <span class='ocrx_word' id='word_1_210' title='bbox 538 3225 668 3322; x_wconf 82' lang='lat' dir='ltr'>&#39;regnum</span> <span class='ocrx_word' id='word_1_211' title='bbox 688 3238 875 3303; x_wconf 87' lang='lat' dir='ltr'>translatum</span> <span class='ocrx_word' id='word_1_212' title='bbox 897 3242 974 3316; x_wconf 89' lang='lat' dir='ltr'>erat,</span> <span class='ocrx_word' id='word_1_213' title='bbox 996 3258 1067 3303; x_wconf 88' lang='lat' dir='ltr'>cum</span> <span class='ocrx_word' id='word_1_214' title='bbox 1089 3236 1285 3322; x_wconf 76' lang='lat' dir='ltr'>Carthag&#39;ni·</span> 
     </span>
     <span class='ocr_line' id='line_1_28' title="bbox 219 3340 1286 3433; baseline 0.002 -26"><span class='ocrx_word' id='word_1_215' title='bbox 219 3340 344 3407; x_wconf 89' lang='lat' dir='ltr'>ensibus</span> <span class='ocrx_word' id='word_1_216' title='bbox 376 3343 449 3420; x_wconf 89' lang='lat' dir='ltr'>icta,</span> <span class='ocrx_word' id='word_1_217' title='bbox 482 3344 528 3410; x_wconf 85' lang='lat' dir='ltr'>ita</span> <span class='ocrx_word' id='word_1_218' title='bbox 559 3345 717 3433; x_wconf 87' lang='lat' dir='ltr'>conspirat</span> <span class='ocrx_word' id='word_1_219' title='bbox 744 3344 852 3409; x_wconf 88' lang='lat' dir='ltr'>Liuius</span> <span class='ocrx_word' id='word_1_220' title='bbox 874 3344 988 3422; x_wconf 85' lang='lat' dir='ltr'>XXIV,</span> <span class='ocrx_word' id='word_1_221' title='bbox 1011 3344 1043 3422; x_wconf 87' lang='grc'>6,</span> <span class='ocrx_word' id='word_1_222' title='bbox 1065 3348 1101 3408; x_wconf 90' lang='lat' dir='ltr'>ut</span> <span class='ocrx_word' id='word_1_223' title='bbox 1122 3364 1195 3409; x_wconf 92' lang='lat' dir='ltr'>eum</span> <span class='ocrx_word' id='word_1_224' title='bbox 1216 3343 1286 3409; x_wconf 87' lang='lat' dir='ltr'>aliis</span> 
     </span>
     <span class='ocr_line' id='line_1_29' title="bbox 218 3448 1297 3537; baseline 0.004 -24"><span class='ocrx_word' id='word_1_225' title='bbox 218 3448 443 3537; x_wconf 86' lang='lat' dir='ltr'>praetermissis</span> <span class='ocrx_word' id='word_1_226' title='bbox 466 3450 535 3515; x_wconf 88' lang='lat' dir='ltr'>aliis</span> <span class='ocrx_word' id='word_1_227' title='bbox 555 3450 589 3515; x_wconf 90' lang='lat' dir='ltr'>in</span> <span class='ocrx_word' id='word_1_228' title='bbox 611 3454 777 3534; x_wconf 89' lang='lat' dir='ltr'>angustum</span> <span class='ocrx_word' id='word_1_229' title='bbox 792 3450 908 3516; x_wconf 71' lang='lat' dir='ltr'>conche</span> <span class='ocrx_word' id='word_1_230' title='bbox 929 3449 1093 3535; x_wconf 90' lang='lat' dir='ltr'>Polybium</span> <span class='ocrx_word' id='word_1_231' title='bbox 1113 3448 1297 3528; x_wconf 75' lang='lat' dir='ltr'>reddidisse,</span> 
     </span>
     <span class='ocr_line' id='line_1_30' title="bbox 218 3554 1285 3644; baseline 0.003 -25"><span class='ocrx_word' id='word_1_232' title='bbox 218 3555 286 3620; x_wconf 87' lang='lat' dir='ltr'>iure</span> <span class='ocrx_word' id='word_1_233' title='bbox 307 3555 457 3643; x_wconf 86' lang='lat' dir='ltr'>suspicari</span> <span class='ocrx_word' id='word_1_234' title='bbox 478 3556 640 3644; x_wconf 86' lang='lat' dir='ltr'>possimus.</span> <span class='ocrx_word' id='word_1_235' title='bbox 684 3554 777 3639; x_wconf 65' lang='lat' dir='ltr'>&#39;quaa</span> <span class='ocrx_word' id='word_1_236' title='bbox 799 3554 840 3620; x_wconf 87' lang='lat' dir='ltr'>de</span> <span class='ocrx_word' id='word_1_237' title='bbox 860 3554 1084 3622; x_wconf 88' lang='lat' dir='ltr'>Leontinorum</span> <span class='ocrx_word' id='word_1_238' title='bbox 1104 3555 1191 3622; x_wconf 91' lang='lat' dir='ltr'>urbis</span> <span class='ocrx_word' id='word_1_239' title='bbox 1213 3557 1285 3635; x_wconf 74' lang='lat' dir='ltr'>sibu</span> 
     </span>
     <span class='ocr_line' id='line_1_31' title="bbox 217 3660 1367 3749; baseline 0 -22"><span class='ocrx_word' id='word_1_240' title='bbox 217 3660 362 3727; x_wconf 88' lang='lat' dir='ltr'>Hieronis</span> <span class='ocrx_word' id='word_1_241' title='bbox 390 3681 429 3727; x_wconf 88' lang='lat' dir='ltr'>ac</span> <span class='ocrx_word' id='word_1_242' title='bbox 456 3660 583 3727; x_wconf 84' lang='lat' dir='ltr'>Gelonis</span> <span class='ocrx_word' id='word_1_243' title='bbox 609 3660 748 3727; x_wconf 88' lang='lat' dir='ltr'>moribus</span> <span class='ocrx_word' id='word_1_244' title='bbox 770 3661 915 3749; x_wconf 86' lang='lat' dir='ltr'>exposuit</span> <span class='ocrx_word' id='word_1_245' title='bbox 935 3661 1082 3746; x_wconf 89' lang='lat' dir='ltr'>Polybius</span> <span class='ocrx_word' id='word_1_246' title='bbox 1104 3662 1174 3741; x_wconf 90' lang='lat' dir='ltr'>VH,</span> <span class='ocrx_word' id='word_1_247' title='bbox 1197 3662 1283 3729; x_wconf 81' lang='grc'>6-7</span> <span class='ocrx_word' id='word_1_248' title='bbox 1366 3673 1367 3710; x_wconf 53' lang='lat' dir='ltr'><strong>ff</strong></span> 
     </span>
     <span class='ocr_line' id='line_1_32' title="bbox 218 3766 1285 3855; baseline 0.002 -22"><span class='ocrx_word' id='word_1_249' title='bbox 218 3789 282 3834; x_wconf 92' lang='lat' dir='ltr'>non</span> <span class='ocrx_word' id='word_1_250' title='bbox 291 3767 396 3851; x_wconf 87' lang='lat' dir='ltr'>attigit</span> <span class='ocrx_word' id='word_1_251' title='bbox 406 3766 524 3833; x_wconf 91' lang='lat' dir='ltr'>Liuius.</span> <span class='ocrx_word' id='word_1_252' title='bbox 547 3766 586 3832; x_wconf 90' lang='lat' dir='ltr'>ds</span> <span class='ocrx_word' id='word_1_253' title='bbox 609 3767 839 3855; x_wconf 87' lang='lat' dir='ltr'>oppugnatione</span> <span class='ocrx_word' id='word_1_254' title='bbox 860 3788 936 3833; x_wconf 85' lang='lat' dir='ltr'>uero</span> <span class='ocrx_word' id='word_1_255' title='bbox 957 3766 1188 3852; x_wconf 82' lang='lat' dir='ltr'>Syracusarum,</span> <span class='ocrx_word' id='word_1_256' title='bbox 1204 3788 1285 3853; x_wconf 91' lang='lat' dir='ltr'>quae</span> 
     </span>
     <span class='ocr_line' id='line_1_33' title="bbox 219 3872 1285 3961; baseline 0 -22"><span class='ocrx_word' id='word_1_257' title='bbox 219 3872 303 3961; x_wconf 89' lang='lat' dir='ltr'>apud</span> <span class='ocrx_word' id='word_1_258' title='bbox 335 3873 498 3958; x_wconf 89' lang='lat' dir='ltr'>Polybium</span> <span class='ocrx_word' id='word_1_259' title='bbox 529 3872 651 3956; x_wconf 77' lang='lat' dir='ltr'>integra</span> <span class='ocrx_word' id='word_1_260' title='bbox 673 3879 830 3961; x_wconf 88' lang='lat' dir='ltr'>superstes</span> <span class='ocrx_word' id='word_1_261' title='bbox 847 3875 896 3937; x_wconf 89' lang='lat' dir='ltr'>est</span> <span class='ocrx_word' id='word_1_262' title='bbox 918 3872 1017 3959; x_wconf 89' lang='lat' dir='ltr'>(VIII,</span> <span class='ocrx_word' id='word_1_263' title='bbox 1044 3872 1285 3960; x_wconf 74' lang='lat' dir='ltr'>5-9),1nuius</span> 
     </span>
     <span class='ocr_line' id='line_1_34' title="bbox 219 3978 1284 4068; baseline 0.001 -22"><span class='ocrx_word' id='word_1_264' title='bbox 219 3978 329 4047; x_wconf 87' lang='lat' dir='ltr'>eodem</span> <span class='ocrx_word' id='word_1_265' title='bbox 355 3979 449 4046; x_wconf 90' lang='lat' dir='ltr'>modo</span> <span class='ocrx_word' id='word_1_266' title='bbox 475 3984 513 4045; x_wconf 92' lang='lat' dir='ltr'>ut</span> <span class='ocrx_word' id='word_1_267' title='bbox 533 3984 628 4045; x_wconf 84' lang='lat' dir='ltr'>antea</span> <span class='ocrx_word' id='word_1_268' title='bbox 647 4000 719 4045; x_wconf 89' lang='lat' dir='ltr'>oum</span> <span class='ocrx_word' id='word_1_269' title='bbox 738 3979 869 4065; x_wconf 92' lang='lat' dir='ltr'>Polybio</span> <span class='ocrx_word' id='word_1_270' title='bbox 890 3982 1045 4047; x_wconf 74' lang='lat' dir='ltr'>consemit</span> <span class='ocrx_word' id='word_1_271' title='bbox 1065 3979 1148 4068; x_wconf 84' lang='lat' dir='ltr'>(Liu</span> <span class='ocrx_word' id='word_1_272' title='bbox 1170 3980 1284 4057; x_wconf 86' lang='lat' dir='ltr'>XXIV,</span> 
     </span>
     <span class='ocr_line' id='line_1_35' title="bbox 223 4084 1284 4170; baseline 0.002 -19"><span class='ocrx_word' id='word_1_273' title='bbox 223 4086 266 4151; x_wconf 84' lang='lat'>33</span> <span class='ocrx_word' id='word_1_274' title='bbox 295 4090 324 4169; x_wconf 64' lang='grc' dir='ltr'>ξ.</span> <span class='ocrx_word' id='word_1_275' title='bbox 353 4084 486 4170; x_wconf 85' lang='grc'>9-34).</span> <span class='ocrx_word' id='word_1_276' title='bbox 530 4085 780 4151; x_wconf 85' lang='lat' dir='ltr'>accuratissimus</span> <span class='ocrx_word' id='word_1_277' title='bbox 808 4086 891 4151; x_wconf 89' lang='lat' dir='ltr'>enim</span> <span class='ocrx_word' id='word_1_278' title='bbox 913 4085 990 4152; x_wconf 90' lang='lat' dir='ltr'>ordo</span> <span class='ocrx_word' id='word_1_279' title='bbox 1011 4086 1169 4153; x_wconf 84' lang='lat' dir='ltr'>uariomm</span> <span class='ocrx_word' id='word_1_280' title='bbox 1190 4106 1284 4154; x_wconf 83' lang='lat' dir='ltr'>cona-</span> 
     </span>
     <span class='ocr_line' id='line_1_36' title="bbox 220 4189 1285 4275; baseline 0.001 -18"><span class='ocrx_word' id='word_1_281' title='bbox 220 4196 325 4257; x_wconf 89' lang='lat' dir='ltr'>torum</span> <span class='ocrx_word' id='word_1_282' title='bbox 345 4190 486 4255; x_wconf 90' lang='lat' dir='ltr'>Marcelli</span> <span class='ocrx_word' id='word_1_283' title='bbox 505 4190 781 4274; x_wconf 84' lang='lat' dir='ltr'>machinarumque</span> <span class='ocrx_word' id='word_1_284' title='bbox 800 4189 1003 4270; x_wconf 75' lang='lat' dir='ltr'>Archimedis,</span> <span class='ocrx_word' id='word_1_285' title='bbox 1027 4192 1082 4275; x_wconf 89' lang='lat' dir='ltr'>qui</span> <span class='ocrx_word' id='word_1_286' title='bbox 1103 4190 1169 4257; x_wconf 89' lang='lat' dir='ltr'>sine</span> <span class='ocrx_word' id='word_1_287' title='bbox 1190 4190 1285 4259; x_wconf 89' lang='lat' dir='ltr'>dubio</span> 
     </span>
     <span class='ocr_line' id='line_1_37' title="bbox 222 4294 1286 4383; baseline 0.003 -22"><span class='ocrx_word' id='word_1_288' title='bbox 222 4296 401 4379; x_wconf 87' lang='lat' dir='ltr'>diligentiae</span> <span class='ocrx_word' id='word_1_289' title='bbox 428 4294 549 4381; x_wconf 90' lang='lat' dir='ltr'>Polybii</span> <span class='ocrx_word' id='word_1_290' title='bbox 575 4294 759 4360; x_wconf 87' lang='lat' dir='ltr'>tribuendus</span> <span class='ocrx_word' id='word_1_291' title='bbox 788 4301 846 4373; x_wconf 89' lang='lat' dir='ltr'>est,</span> <span class='ocrx_word' id='word_1_292' title='bbox 872 4316 999 4380; x_wconf 90' lang='lat' dir='ltr'>prorsus</span> <span class='ocrx_word' id='word_1_293' title='bbox 1025 4296 1109 4362; x_wconf 89' lang='lat' dir='ltr'>idem</span> <span class='ocrx_word' id='word_1_294' title='bbox 1130 4303 1180 4362; x_wconf 87' lang='lat' dir='ltr'>est</span> <span class='ocrx_word' id='word_1_295' title='bbox 1200 4297 1286 4383; x_wconf 89' lang='lat' dir='ltr'>apud</span> 
     </span>
     <span class='ocr_line' id='line_1_38' title="bbox 220 4399 1286 4489; baseline 0.003 -24"><span class='ocrx_word' id='word_1_296' title='bbox 220 4400 359 4478; x_wconf 80' lang='lat' dir='ltr'>Liuium3</span> <span class='ocrx_word' id='word_1_297' title='bbox 391 4399 558 4486; x_wconf 86' lang='lat' dir='ltr'>descriptio</span> <span class='ocrx_word' id='word_1_298' title='bbox 586 4404 772 4485; x_wconf 87' lang='lat' dir='ltr'>apparatus,</span> <span class='ocrx_word' id='word_1_299' title='bbox 803 4421 899 4485; x_wconf 88' lang='lat' dir='ltr'>quem</span> <span class='ocrx_word' id='word_1_300' title='bbox 924 4401 1090 4468; x_wconf 87' lang='lat' dir='ltr'>Marcellus</span> <span class='ocrx_word' id='word_1_301' title='bbox 1117 4400 1159 4468; x_wconf 88' lang='lat' dir='ltr'>ad</span> <span class='ocrx_word' id='word_1_302' title='bbox 1186 4424 1286 4489; x_wconf 87' lang='lat' dir='ltr'>oppu-</span> 
     </span>
    </p>
   </div>
   <div class='ocr_carea' id='block_1_3' title="bbox 0 0 1486 4900">
    <p class='ocr_par' dir='ltr' id='par_1_4' title="bbox 0 0 1486 4900">
     <span class='ocr_line' id='line_1_39' title="bbox 0 0 1486 4900; baseline 0 0"><span class='ocrx_word' id='word_1_303' title='bbox 0 0 1486 4900; x_wconf 95' lang='lat' dir='ltr'> </span> 
     </span>
    </p>
   </div>
  </div>
 </body>
</html>
