2950 4900
663 364 883 430 ...25-

231 574 324 642 Liuio
340 581 397 640 aut
410 581 576 664 utrumque
593 596 632 640 ax
647 575 758 642 eodem
779 577 868 642 fonte
888 577 1038 642 hausisse.
1060 582 1167 643 utrum
1187 578 1306 662 proba-

206 683 326 773 ¹bilius
349 684 390 747 sit
404 686 441 746 ut
463 681 684 759 discernamus,
709 684 885 750 accuratius
907 683 996 748 nobis
1018 684 1237 770 inquirendum
1260 693 1312 750 est

231 790 267 854 in
294 787 428 864 Liuium,
457 789 511 871 qui
539 788 687 871 singulari
713 790 837 854 ratione
864 787 956 854 huius
977 810 1101 873 pugnae
1123 789 1310 873 descriptio-

231 917 307 960 nem
340 895 522 979 composuit.
578 915 652 960 nam
688 916 759 960 oum
794 916 902 960 earum
929 916 1033 960 rerum
1071 916 1153 979 quae
1182 917 1309 980 pugnae

232 1006 468 1068 antecesserunt
499 1001 638 1074 narratio
672 999 841 1066 abhorreat
870 1022 891 1066 a
916 1001 1057 1086 Polybio,
1079 1003 1178 1084 ipsius
1200 1008 1307 1068 autem

231 1129 357 1194 pugnae
384 1107 599 1190 descriptionis
626 1107 713 1197 prior
740 1129 830 1191 pars,
858 1108 924 1172 siue
953 1114 1077 1192 spectas
1104 1108 1147 1174 ad
1168 1129 1218 1174 res
1240 1109 1307 1179 siue

232 1215 381 1280 obseruas
404 1213 545 1280 ordinem
565 1233 670 1278 rerum
692 1218 724 1278 et
747 1213 869 1297 singula
890 1213 997 1291 uerba,
1019 1213 1137 1284 mirum.
1155 1220 1308 1301 quantum

232 1321 379 1388 concinat
401 1340 470 1384 cum
494 1339 531 1384 eo
554 1319 636 1405 (Liu.
659 1319 761 1396 XXII,
788 1319 834 1384 45
856 1324 885 1402 5.
909 1319 1018 1383 6-47
1042 1325 1071 1402 5.
1094 1321 1132 1397 4;
1159 1321 1225 1386 Pol.
1249 1321 1305 1397 III,

232 1426 409 1493 113-115
437 1447 507 1509 pag.
537 1425 612 1502 293,
639 1426 687 1511 4),
715 1446 791 1509 pars
818 1425 962 1510 altera*)
990 1425 1083 1490 modo
1113 1426 1206 1492 ualde
1234 1449 1305 1510 per-

235 1535 332 1620 plexa
354 1535 396 1599 sit
424 1539 456 1598 et
483 1531 639 1616 discrepet
661 1553 731 1596 cum
758 1533 797 1597 iis
826 1553 908 1616 quae
936 1533 1032 1616 paulo
1060 1537 1156 1598 antea
1177 1540 1307 1599 narrata

230 1645 307 1706 sunt
328 1639 410 1726 (Liu.
434 1639 478 1704 45
500 1646 529 1722 5.
552 1639 677 1717 5-103
706 1640 749 1704 48
766 1645 795 1722 5.
811 1639 914 1724 5—6)
937 1639 1030 1705 modo
1052 1662 1180 1722 prorsus
1203 1642 1306 1706 aliena

230 1749 276 1812 sit
302 1768 322 1812 a
348 1742 477 1830 Polybio
494 1746 589 1832 ‚(Liu.
611 1745 654 1810 48
678 1751 718 1828 5..
731 1747 833 1823 1-43
856 1746 933 1831 49),
961 1747 1086 1810 Liuium
1106 1746 1212 1830 plures
1236 1769 1305 1812 eos-

230 1873 294 1942 que
327 1852 467 1918 diuersos
500 1852 602 1917 fontes
637 1851 817 1917 adhibuisse
845 1873 972 1917 necesse
999 1857 1048 1917 est
1074 1858 1111 1916 ut
1138 1857 1304 1919 statuatur.

229 1966 330 2048 atque
351 1961 474 2024 initium
497 1958 622 2046 quidem
644 1979 767 2042 pugnae
787 1959 949 2042 ePolybio
972 1979 1040 2023 esse
1061 1965 1221 2043 sumptum
1242 1981 1306 2025 nou

229 2072 339 2152 potest
358 2067 481 2149 negari3
504 2085 543 2130 ea
564 2071 671 2130 autem
692 2085 774 2153 quae
789 2072 936 2132 secuntur
950 2065 1059 2130 Liuius
1073 2071 1199 2148 praeter
1212 2067 1304 2150 Poly-

229 2176 320 2242 bium
343 2175 442 2238 altsro
464 2172 550 2238 sonte
572 2193 647 2238 usus
669 2172 795 2238 uidetur
809 2173 986 2238 confudisse
1000 2179 1097 2260 atque
1112 2171 1305 2250 obscurasse,
1346 2154 1356 2166 ’

229 2281 338 2346 omnia
360 2279 494 2366 denique
522 2299 602 2366 quae
624 2278 795 2366 abhprrent
817 2300 837 2342 a
857 2278 987 2362 Polybio
1010 2279 1124 2345 debere
1147 2279 1306 2344 annalium

339 2634 363 2700 ⁴)
387 2636 497 2686 Primum
520 2636 585 2685 enim
609 2636 697 2685 mirum
716 2633 846 2700 estquod,
865 2648 1015 2700 quamquam
1034 2639 1108 2686 autea
1125 2637 1194 2687 tanta
1213 2636 1304 2688 uerbo-

228 2740 286 2777 rum
309 2723 440 2777 similitudo
463 2722 519 2783 fnit,
542 2722 574 2773 ab
597 2724 645 2773 hac
672 2722 830 2788 paragrapho
857 2721 927 2772 nulla
953 2724 1112 2787 conspicitur.
1157 2729 1304 2790 stratagema

229 2828 292 2865 uero
308 2811 458 2875 Hannibalis
473 2813 593 2879 quomodo
607 2815 770 2878 perageretur
782 2814 863 2863 animo
878 2827 927 2862 uon
936 2814 1076 2877 percepisse
1090 2813 1191 2864 uidetur
1208 2815 1303 2867 Liuius.

229 2916 289 2955 narn
311 2907 410 2967 praeter
432 2901 481 2953 alia
504 2917 570 2967 quae
597 2916 646 2951 non
673 2904 731 2951 sunt
755 2900 822 2951 clara
844 2900 936 2951 uerba:
962 2900 1012 2961 „ad
1034 2900 1147 2953 subsidia
1169 2901 1304 2954 Afrorum‘

230 2992 294 3059 quid
307 2990 354 3041 sibi
365 2990 445 3041 uelint
457 3006 506 3041 non
516 2988 680 3055 intellegitur,
699 2995 813 3055 pugnant
830 2993 914 3039 autem
932 3004 989 3039 cum
1006 2988 1115 3056 Polybio
1133 2992 1224 3043 uerba:
1243 2994 1303 3053 „diu

230 3099 263 3135 ac
282 3096 356 3147 saepe
375 3082 495 3139 connisi,“
514 3093 586 3137 „mox
606 3092 696 3129 cornua
715 3077 873 3129 extendendo
887 3078 1041 3133 clausere.et
1059 3078 1091 3128 ab
1110 3083 1179 3145 tergo
1197 3082 1303 3133 hostes‘.

229 3169 324 3221 deinde
349 3170 520 3235 praetermisso
547 3169 647 3232 egregio
674 3165 840 3218 Hasdrubalis
867 3170 1047 3231 strategemate,
1075 3168 1142 3234 quod
1168 3172 1303 3221 maximum

229 3262 379 3311 momentum
399 3258 577 3308 adulatoriam
595 3255 705 3307 attulisse
724 3254 847 3321 Polybius
864 3255 1000 3320 praedicat,
1019 3258 1094 3321 atque
1111 3258 1204 3308 inserta
1222 3260 1247 3308 iu
1266 3258 1303 3308 lo-

231 3364 289 3398 cum
311 3350 365 3397 cius
387 3348 472 3411 inepta
492 3344 677 3409 transfugarum
699 3344 861 3415 Numidarum
882 3342 971 3393 fabula
992 3360 1031 3403 ea,
1054 3359 1119 3410 quae
1138 3347 1169 3397 de
1187 3347 1303 3398 Hasdru—

232 3436 291 3489 bale
308 3437 395 3487 Liuius
415 3435 505 3487 adiecit
523 3441 547 3484 ot
565 3450 630 3501 quac
648 3433 806 3485 hauddubie
823 3410 1096 3499 Polybium‘reeolent
1114 3439 1163 3485 tam
1182 3440 1239 3487 sunt
1257 3437 1302 3486 ob-

231 3541 314 3584 scura,
337 3530 365 3575 ut
385 3526 433 3575 nisi
456 3527 595 3589 comparato
617 3522 726 3589 Polybio
749 3520 861 3585 intellegi
883 3537 933 3571 uon
955 3524 1055 3587 possint.
1097 3523 1185 3575 eadem
1206 3527 1303 3576 incuria

231 3614 326 3665 factum
349 3618 398 3665 est.
420 3618 448 3663 ut
475 3628 589 3677 pugnans
611 3627 695 3662 secum
717 3610 902 3662 Hasdrubalem
924 3625 997 3676 quom
1021 3612 1144 3674 sinistrum
1167 3627 1244 3663 cornu
1265 3617 1303 3663 te-

232 3704 316 3754 nuisse
335 3705 408 3752 autea
426 3702 524 3751 dixerat
542 3702 624 3751 dextri
647 3716 724 3751 cornu
742 3698 897 3765 praefectum
909 3701 1052 3750 nominaret.
1064 3715 1120 3749 nam
1138 3701 1206 3765 quod
1223 3700 1302 3767 Poly-

231 3792 290 3844 bius
312 3792 427 3857 exposuit
447 3789 631 3841 Hasdrubalem
653 3801 768 3855 superato
792 3789 879 3839 dextro
903 3789 1067 3839 Romanorum
1091 3802 1168 3837 cornu
1190 3788 1303 3839 Numidis

115 3872 129 3957 ι’
231 3883 341 3946 segniter
363 3880 451 3930 dextro
470 3893 547 3931 cornu
569 3879 738 3945 pugnantibus
762 3877 883 3928 auxilium
905 3876 991 3928 tulisse
1013 3892 1201 3927 commemorare
1224 3879 1304 3928 omisit

231 3972 326 4023 Liuius.
363 3972 421 4020 item
446 3969 521 4033 paulo
548 3972 603 4034 post
629 3984 714 4021 secum
742 3971 866 4033 repugnat
888 3968 910 4017 si
932 3964 1066 4017 Aemilium
1092 3964 1201 4015 Paulum
1229 3980 1304 4031 quem

231 4060 320 4110 dextro
344 4074 419 4108 cornu
441 4060 607 4123 praepositum
631 4072 684 4108 esse
709 4057 807 4107 dixerat
828 4053 925 4106 mediae
943 4056 1007 4105 aciei
1024 4068 1140 4119 praeesse
1158 4059 1243 4104 narrat
1260 4061 1304 4103 aut

231 4147 323 4200 oblitus
342 4162 537 4205 commemorare,
556 4146 622 4213 quod
640 4144 763 4213 Polybius
781 4146 914 4202 enarrabit,
931 4141 1038 4194 Paulum
1058 4157 1102 4192 suo
1121 4156 1198 4191 cornu
1216 4144 1241 4192 iu
1259 4140 1301 4190 fu-

232 4252 289 4301 gam
311 4250 383 4287 uerso
405 4223 433 4285 iu
454 4234 561 4287 mediam
578 4237 655 4285 aciem
675 4250 728 4285 sese
748 4233 880 4284 contulisse
898 4231 1035 4283 eutalium
1053 4234 1177 4281 auctorem
1195 4234 1301 4289 secutus,

230 4326 275 4390 qui
296 4328 324 4375 ut
345 4323 477 4388 Appianus
500 4324 581 4375 Hann.
608 4325 640 4375 19
659 4324 755 4385 mediae
774 4324 838 4373 aciei
856 4322 945 4371 ducem
962 4317 1039 4371 fuisse
1057 4316 1191 4369 Aemilium
1209 4319 1300 4369 iamin

231 4416 300 4465 initio
319 4428 418 4478 pugnae
437 4411 586 4477 prodiderat.
