2950 4900
627 373 846 440 „39-

197 603 267 649 mos
289 605 309 650 a
329 584 462 668 pristina
484 585 663 651 siuoeritate
684 605 722 651 ac
737 585 907 652 seraitate
927 590 1094 664 suerent,
1116 587 1295 671 siguificat.

197 689 307 756 liuius
328 696 416 769 axv,
444 691 499 768 40,
531 691 656 776 copiose
686 692 834 776 explanat
861 691 1049 762 Plutarchus
1078 697 1159 760 xxi..
1202 700 1273 762 tum

197 798 394 864 consentiens
417 819 488 862 oum
508 797 602 864 Liuio
615 800 730 885 (xxvi,
747 798 807 884 21)
828 798 936 883 prodit
955 799 1138 871 Marcellum
1159 802 1272 873 trium-¹

196 904 262 989 pho
279 903 312 989 ²⁵)
339 908 462 987 negato,
491 904 566 992 quia
594 903 733 970 noudum
762 903 954 972 debellatum
982 909 1065 970 esset
1091 905 1125 970 in
1153 904 1269 986 Sicilia,

195 1010 231 1074 in
261 1013 367 1074 monte
399 1008 522 1076 Albano
571 1009 781 1093 triumphasse
814 1015 909 1098 atque
952 1015 1101 1076 ouantem
1130 1007 1170 1075 'in
1214 1033 1269 1078 nr-

197 1115 271 1181 bem
298 1116 432 1180 intrasse
454 1114 571 1202 (llllll).
621 1135 703 1204 quae
724 1135 803 1180 uero
822 1115 862 1180 de
883 1115 1035 1204 triumphi
1056 1121 1090 1181 et
1111 1118 1269 1184 ouatiouis

196 1221 374 1288 discrimine
403 1241 443 1286 ac
470 1219 654 1285 denomino
676 1221 831 1286 ouationis
853 1220 1000 1286 disseruit
1019 1221 1207 1288 Plutarchus
1229 1244 1269 1289 ex

196 1349 291 1417 opere
318 1328 433 1416 aliquo,
460 1325 545 1414 quod
572 1326 777 1414 antiquitates
808 1326 967 1393 Romarm
994 1329 1268 1416 complectebatur,

194 1435 297 1524 petita
318 1455 388 1499 esse
407 1433 607 1499 manifestum
630 1438 686 1499 est.
729 1439 897 1499 amusatus
919 1453 996 1500 uero
1015 1435 1131 1499 nimiae
1152 1435 1268 1524 iniqui·
1327 1526 1329 1532 Ι

194 1540 272 1606 tatis
299 1560 337 1606 ac
364 1539 557 1605 crudelitatis
579 1560 600 1605 a
621 1537 924 1605 SiculisMarcellus
944 1539 1014 1628 pari
1035 1539 1130 1606 modo
1151 1563 1267 1626 purga

193 1652 250 1712 tur
270 1665 308 1710 ao
329 1645 474 1710 laudibus
496 1644 672 1710 oelebratur
694 1644 747 1732 (of.
762 1645 953 1710 conharium
967 1645 1117 1712 iudicium
1130 1646 1267 1735 Appiani

193 1752 279 1819 Sicil.
300 1752 323 1816 4
350 1755 383 1817 et
410 1750 541 1817 Diodori
563 1751 673 1844 fragm.
696 1750 769 1817 libri
791 1751 905 1837 xxvi).
956 1771 1029 1818 eum
1049 1753 1133 1818 enim
1154 1773 1190 1818 se
1211 1753 1266 1820 ds·

192 1859 330 1926 iaudime
350 1858 384 1922 in
405 1863 518 1924 senatu
539 1879 645 1924 coram
660 1857 947 1937 calumniatoribus,
969 1855 1149 1925 absolutum
1163 1865 1269 1926 autem

191 1967 320 2033 aemam
339 1964 518 2053 petentibus
540 1964 695 2048 ignorrisse
722 1968 820 2048 atque
846 1963 1009 2052 exquisitis
1035 1964 1205 2031 honoribus
1226 1965 1268 2032 ab

190 2073 232 2139 iis
254 2072 402 2138 affectum
427 2089 494 2135 esse
516 2074 647 2158 uterque
668 2075 778 2135 uarat
810 2070 915 2157 (Plutx
937 2075 1043 2148 lllllll;
1073 2071 1142 2137 Liu.
1165 2075 1266 2150 xxvi,

191 2179 350 2264 29-32).
400 2177 440 2242 de
472 2176 600 2260 sugam
634 2161 740 2241 sutem
753 2204 756 2208 ·
771 2177 819 2240 its
848 2175 932 2241 inter
963 2196 997 2241 se
1020 2175 1269 2262 deceperant

190 2284 303 2350 Liuius
330 2283 585 2350 Plataearum
612 2281 721 2348 haberi
749 2303 813 2348 uon
840 2283 948 2369 possit
992 2303 1095 2371 neque
1118 2303 1197 2371 opus
1218 2289 1268 2350 est

192 2409 302 2459 omnes
324 2377 548 2477 discrepantias
571 2407 651 2477 quae
673 2388 750 2453 satis
771 2388 957 2472 conspicuae
968 2388 1042 2456 sint
1063 2407 1255 2457 enumerare.

302 2495 341 2561 ,Α
374 2496 476 2583 capite
506 2499 729 2561 xxiv-xxvi
760 2494 888 2583 propius
926 2495 1088 2561 Plutarchi
1125 2497 1266 2562 narratio

194 2602 317 2670 accedit
344 2602 386 2666 ad
413 2601 546 2667 Liuium.
597 2622 671 2666 nam
693 2600 734 2665 de
755 2599 885 2684 siugulis
906 2601 1001 2668 rebus
1022 2600 1109 2667 domi
1130 2601 1266 2691 bellique

193 2710 275 2775 aotis
300 2710 347 2774 ita
374 2709 580 2785 consentiunt,
613 2712 753 2796 atquae
774 2707 873 2773 frisius
893 2707 1003 2773 Lirrius
1024 2710 1169 2797 exposuit
1190 2709 1265 2774 Plu-

193 2816 323 2883 tarchus
344 2816 378 2880 in
401 2814 532 2881 breuius
561 2814 697 2897 coegisse
725 2813 871 2879 irideatur
902 2814 987 2900 (liu.
1015 2818 1133 2892 XXVH,
1162 2816 1265 2891 12-23

193 2921 471 3006 4-5;12-14).
493 2920 803 3009 praetereamsignia
812 2918 972 3008 quaedam
983 2919 1068 2986 dicta
1077 2919 1218 2985 Marcelli
1232 2926 1266 2985 et
1384 2949 1385 2956 ι

192 3028 380 3096 Hannibalis
409 3026 493 3115 apud
520 3032 686 3114 utrumque
707 3028 754 3114 ita
776 3030 958 3115 comparata
978 3031 1061 3104 suut,
1082 3032 1122 3091 ut
1139 3026 1265 3092 Plutar-

194 3130 273 3201 ch'us
297 3134 379 3199 Liuii
402 3133 500 3199 uerba
522 3134 654 3199 uertisse
675 3133 829 3199 uideatur.
852 3132 973 3199 accedit
995 3131 1079 3221 quod
1100 3133 1170 3220 ipse
1189 3133 1265 3198 Plu-

192 3238 321 3308 tarchus
350 3244 451 3318 lxlv,
477 3240 523 3305 20
550 3239 593 3305 ad
625 3239 751 3305 linium
768 3239 961 3328 prouocauit.
1006 3238 1062 3303 sed
1082 3240 1265 3327 priusquam

193 3345 400 3415 diiudieemus
429 3345 511 3411 hano
532 3346 768 3434 quaestionem,
789 3345 885 3433 paulo
911 3345 1087 3410 accuratius
1107 3346 1265 3411 inlocum
1314 3382 1318 3389 -

192 3455 228 3520 in
258 3473 321 3541 quo
354 3451 437 3517 Liuii
480 3472 593 3516 nomen
630 3450 777 3516 laudatur
808 3471 830 3515 a
861 3449 1030 3516 Plutarcho
1061 3451 1263 3538 inquiramus.

191 3564 362 3648 postquam
394 3558 478 3622 euim
508 3556 650 3621 narrauit
681 3554 736 3622 Cm
768 3555 915 3621 Fuluium
945 3556 1163 3643 proconsulem
1193 3577 1264 3621 cum
1383 3599 1384 3606 ι

193 3666 333 3733 exercitu
361 3664 498 3729 deletum
525 3682 592 3728 esse
613 3662 691 3727 haec
712 3661 804 3728 dicit:
827 3660 978 3749 ἔπεμψαν
998 3661 1195 3747 (Marcellus)
1217 3664 1264 3738 εἰς
1383 3679 1384 3682 ’

191 3769 322 3861 Ῥώμην
343 3768 511 3859 γράμματα
532 3766 605 3847 τούς
627 3771 758 3845 πολίτας
779 3769 972 3853 παρακαλῶν
993 3765 1145 3857 depicta·
1168 3767 1263 3845 αὐτὸς

190 3877 251 3967 γὰρ
282 3873 353 3968 ἤδη·
377 3879 519 3963 podicem
550 3871 591 3951 ὥς
624 3874 778 3961 ἀφέλοιτο
808 3870 868 3963 τὴν
898 3871 1086 3961 χαρὰν-τοῦ
1116 3875 1263 3961 Ἀννίβου.

182 4118 405 4145 Μ
491 4144 493 4148 Ι

297 4251 321 4315 ⁸)
340 4252 444 4303 Notatur
465 4238 629 4301 Plutarchum
651 4244 746 4299 referre
767 4248 865 4299 tertium
887 4246 1037 4313 triumphum
1049 4229 1172 4311 ¹polluisse
1190 4246 1262 4295 Mar-

109 4410 115 4419 ·
190 4340 282 4394 cellum
309 4342 335 4391 io
363 4352 443 4406 eaque
461 4338 576 4403 opinione
593 4336 753 4403 perstarem
776 4350 854 4402 comp.
872 4334 960 4403 Pelop.
979 4340 1004 4387 et
1019 4336 1100 4393 Mare
1119 4332 1167 4393 111,
1185 4331 1263 4384 altero

189 4430 314 4496 triumpho
332 4442 414 4496 neque
432 4426 464 4479 ab
483 4429 537 4493 ipso
555 4440 637 4493 neque
655 4425 687 4476 ab
705 4424 757 4476 ullo
775 4430 876 4477 auctore
894 4426 1086 4477 commemorato.
